2796 4287
322 298 596 367 544-607·]
913 285 973 349 T
962 286 1041 350 lte
1085 286 1413 370 Landing
1457 287 1528 350 in
1574 287 1836 371 Africa.

322 479 572 539 adforet
603 480 894 538 Aeneas!
982 476 1284 556 Equidem
1313 496 1425 556 per
1453 477 1633 538 litora
1662 486 1867 539 certos

323 553 636 639 dimittam
666 588 730 638 et
760 577 994 658 Libyae
1024 577 1285 638 lustrare
1313 587 1588 638 extrema
1617 577 1864 651 iubebo,

323 678 378 739 si
410 677 640 756 quibus
670 676 907 738 eiectus
936 677 1108 738 silvis
1138 688 1245 737 aut
1275 677 1533 738 urbibus
1562 678 1763 739 errat)

986 859 1171 901 AEnen
1198 858 1471 902 Disclosed.

413 978 536 1038 His
567 977 837 1038 animum
869 977 1090 1037 arrecti
1120 977 1305 1038 dictis
1335 988 1400 1038 et
1428 976 1607 1037 fortis
1638 977 1912 1038 Achates

325 1089 389 1138 et
420 1077 596 1156 pa‘ter
625 1080 873 1138 Aeneas
904 1077 1260 1138 iamdudum
1291 1095 1610 1166 erumpere
1641 1078 1870 1137 nubem

326 1178 648 1238 ardebant.
739 1178 912 1238 Prior
942 1179 1201 1237 Aenean
1233 1177 1564 1255 compellat
1596 1176 1905 1237 Achates:

326 1276 341 1302 “
363 1279 528 1338 Nate
559 1278 696 1351 dea,
730 1296 888 1355 quae
920 1296 1086 1336 nunc
1116 1277 1333 1337 animo‘
1354 1272 1665 1336 sententia
1694 1276 1932 1353 surgit?

326 1377 557 1438 Omnia
586 1387 720 1437 tuta
747 1377 941 1450 vides,
974 1377 1238 1436 classem
1269 1376 1599 1454 sociosque
1633 1386 1936 1454 receptos,

326 1478 511 1537 Unus
541 1478 739 1550 abest,
771 1476 978 1537 medio
1008 1476 1073 1536 in
1102 1476 1293 1537 fluctu
1326 1495 1509 1554 quern
1539 1476 1805 1537 vidimus
1836 1476 1954 1554 ipsi

325 1577 752 1651 submersum;
798 1575 983 1636 dictis
1012 1575 1394 1654 respondent
1424 1586 1632 1636 cetera
1660 1575 1911 1635 matris?

409 1676 533 1735 Vix
563 1695 638 1736 ea
666 1677 833 1736 fatus
863 1685 1011 1750 erat,
1044 1695 1183 1736 cum
1215 1656 1590 1735 circumfusa
1618 1686 1870 1765 repente

324 1776 557 1837 scindit
586 1794 654 1836 se
686 1777 884 1836 nubes
913 1786 974 1836 et
1003 1776 1068 1835 in
1099 1775 1350 1835 aethera
1379 1786 1600 1853 purgat
1631 1785 1925 1852 apertum.

325 1876 584 1937 Restitit
614 1879 862 1936 Aeneas
892 1875 1228 1954 claraque
1213 1895 1273 1934 1n
1309 1876 1446 1936 luce
1476 1875 1732 1948 refulsit,

323 1996 395 2036 os
424 1995 795 2054 umerosque
825 1976 945 2037 deo
976 1975 1228 2071 similist,
1275 1994 1544 2053 namque
1574 1975 1711 2053 ipsa
1739 1977 2028 2036 decoram

323 2077 663 2137 caesariem
694 2085 843 2137 nato
870 2075 1152 2156 genetrix
1183 2076 1515 2154 lumenque
1546 2076 1832 2136 iuventae

322 2195 697 2255 purpureum
728 2187 790 2237 et
818 2177 1016 2237 laetos
1046 2175 1245 2237 oculis
1274 2175 1534 2236 adflarat
1563 2176 1867 2236 honores:

323 2278 506 2355 quale
535 2296 757 2337 manus
789 2278 1028 2337 addunt
1056 2276 1231 2337 ebori
1260 2276 1470 2349 decus,
1504 2285 1611 2335 aut
1642 2275 1748 2336 ubi
1776 2276 1939 2337 flavo

323 2388 648 2456 argentum
680 2376 975 2437 Pariusve
1005 2376 1164 2454 lapis
1195 2376 1608 2437 circumdatur
1637 2395 1803 2436 auro,

405 2479 567 2537 Tum
598 2477 690 2536 sic
718 2476 992 2554 reginam
1025 2476 1396 2553 adloquitur,
1432 2476 1797 2554 cunctisque
1829 2487 2084 2553 repente

322 2577 693 2656 improvisus
724 2576 846 2636 ait·
892 2575 1172 2649 Coram,
1208 2595 1388 2653 quem
1425 2576 1735 2653 quaeritiS‚
1770 2576 2006 2650 adsum,

322 2678 547 2737 Troius
580 2679 848 2748 Aeneas,
882 2663 1130 2755 Libycis
1161 2684 1409 2753 ereptus
1439 2677 1518 2736 ab
1547 2676 1749 2735 undis,

323 2777 381 2837 Ο
410 2777 546 2837 sola
575 2776 870 2836 infandos
899 2776 1122 2835 Troiae
1155 2775 1447 2835 miserata
1475 2775 1735 2849 laboreS,

323 2896 482 2953 quae
513 2895 650 2951 nos,
682 2875 974 2953 reliquias
1008 2878 1314 2949 Danaum,
1347 2886 1669 2953 terraeque
1700 2877 2007 2955 marisque

321 2975 612 3036 omnibus
643 2976 978 3035 exhaustos
1009 2975 1130 3034 iam
1164 2975 1432 3049 casibuS,
1466 2976 1739 3035 omnium
1770 2995 2018 3054 egen03,

322 3078 491 3151 urbe,
526 3077 731 3151 domo,
764 3077 987 3151 sociaS,
1020 3086 1227 3154 grates
1258 3076 1607 3154 persolvere
1637 3076 1859 3154 dignas

322 3197 448 3238 non
479 3177 618 3255 opis
649 3188 744 3237 est
776 3186 1042 3249 nostrae,
1079 3176 1262 3250 Dido,
1295 3195 1414 3236 nec
1445 3175 1741 3254 quicquid
1772 3177 2001 3254 ubique
2031 3186 2128 3236 est

320 3278 527 3355 gentis
561 3276 936 3350 Dardaniae,
970 3294 1259 3353 magnum
1293 3295 1453 3354 quae
1484 3294 1699 3353 sparsa
1729 3295 1837 3353 per
1864 3277 2095 3336 orbem.

325 3376 407 3436 Di
439 3376 571 3450 tibi,
604 3376 658 3437 si
690 3397 814 3454 qua
843 3375 983 3454 pios
1014 3386 1366 3453 respectant
1397 3376 1667 3449 numina,
1701 3376 1754 3435 si
1784 3377 1934 3453 quid

324 3496 584 3555 usquam
617 3476 853 3539 iustitia
884 3486 982 3536 est
1010 3486 1073 3535 et
1103 3495 1277 3535 mens
1308 3476 1427 3536 sibi
1459 3476 1710 3536 conscia
1737 3476 1907 3548 recti,

322 3575 595 3654 praemia
626 3577 818 3655 digna
847 3575 1070 3635 ferant.
1159 3575 1335 3649 Quae
1365 3585 1428 3635 te
1459 3585 1584 3635 tam
1614 3575 1780 3634 laeta
1807 3575 2077 3634 tulerunt

324 3677 611 3736 saecula?
701 3674 830 3751 Qui
862 3673 1025 3733 tanti
1053 3674 1238 3733 talem
1266 3693 1538 3753 genuere
1568 3676 1902 3751 parentes?

327 3778 399 3835 In
430 3777 587 3835 freta
617 3776 765 3836 dum
797 3771 974 3833 fluvii
1005 3784 1264 3848 current,
1298 3775 1444 3833 dum
1477 3772 1790 3832 montibus
1821 3772 2072 3831 umbrae

2333 298 2419 366 27

2323 2090 2415 2142 590

2322 2591 2414 2645 595
