2796 4287
310 299 576 401 ι87-ι23ὀυ]
1003 322 1182 385 Dido
1228 323 1372 385 and
1413 321 1517 385 Αἵ
1519 342 1693 386 neas.
2279 328 2392 380 101

811 512 1040 563 uereury
1066 511 1374 564 Deopntchod
1401 517 1453 573 to
1480 511 1679 552 δορυ.

391 616 652 675 Talibus
682 624 964 675 orantem
995 612 1178 672 dictis
1209 631 1470 689 arasque
1502 621 1814 672 tenentem

310 715 505 774 audiit
535 714 952 791 omnipotens,
985 712 1323 789 oculosque
1354 713 1435 771 ad
1466 711 1708 771 moenia
1739 710 1916 771 torsit
2309 738 2402 774 220

307 814 478 892 regia
507 823 571 873 et
601 814 830 873 oblitos
859 813 1062 873 famae
1093 812 1359 872 melioris
1390 822 1687 872 amantes.
2046 812 2072 823 ‘

308 915 470 973 Tum
501 913 593 973 sic
625 913 1000 973 Mercurium
1032 913 1385 991 adloquitur
1416 932 1490 972 ac
1518 911 1666 972 talia
1696 912 1984 971 mandat:

313 1021 328 1048 ‘
352 1014 531 1074 Vade
563 1034 694 1091 age,
728 1023 891 1088 nate,
924 1033 1079 1073 voca
1109 1015 1419 1093 Zephyros
1450 1023 1512 1073 et
1543 1013 1750 1072 labere
1779 1011 2018 1089 penniS,

313 1114 823 1190 Dardaniumque
854 1114 1092 1187 ducem,
1126 1113 1314 1193 Tyria
1347 1112 1735 1191 Karthagine
1767 1112 1874 1189 qui
1904 1095 2068 1170 nunc

308 1224 648 1292 exspectat,
679 1214 952 1293 fatisque
981 1215 1161 1273 datas
1190 1233 1315 1273 non
1346 1212 1598 1291 respicit
1628 1214 1828 1286 urbes,
2306 1241 2398 1293 225

311 1315 665 1393 adloquere,
698 1324 761 1375 et
790 1314 1008 1375 celeris
1039 1314 1213 1374 defer
1241 1334 1381 1374 mea
1411 1314 1579 1374 dicta
1610 1333 1721 1391 per
1750 1332 1950 1372 auras.

207 1412 212 1418 ’
310 1417 369 1475 N
373 1434 456 1474 on
486 1414 659 1473 illum
689 1413 871 1474 nobis
900 1414 1180 1491 genetrix
1208 1414 1622 1491 pulcherrima
1649 1414 1831 1474 talem

308 1514 608 1592 promisit,
643 1514 1019 1590 Graiumque
1053 1514 1194 1575 ideo
1222 1515 1321 1574 bis
1350 1514 1627 1575 vindicat
1656 1514 1840 1573 armis
1869 1538 1882 1585 ;

309 1616 420 1675 sed
449 1616 602 1688 fore,
636 1613 744 1691 qui
771 1614 1090 1692 gravidam
1121 1614 1395 1693 imperiis
1425 1614 1715 1690 belloque
1744 1614 2109 1672 frementem

313 1715 555 1774 Italiam
585 1723 843 1791 regeret,
875 1734 1074 1793 genus
1105 1715 1231 1775 alto
1261 1735 1296 1796 a
1327 1714 1631 1793 sanguine
1661 1713 1884 1773 Teucri
2303 1744 2396 1794 ²30

310 1817 611 1892 proderet,
646 1834 721 1874 ac
753 1824 950 1875 totum
982 1815 1097 1874 sub
1128 1815 1297 1891 leges
1328 1815 1600 1875 mitteret
1627 1813 1856 1873 orbem.

313 1915 372 1974 Si
403 1915 574 1975 nulla
606 1914 895 1974 accendit
927 1923 1234 1974 tantarum
1261 1914 1455 1993 gloria
1485 1931 1703 1985 rerum,

311 2032 422 2072 nec
451 2019 639 2091 super
669 2013 804 2091 ipse
837 2032 949 2073 sua
979 2012 1226 2072 molitur
1255 2013 1437 2072 laude
1468 2013 1758 2086 laborem,

312 2113 662 2174 Ascanione
693 2123 872 2191 pater
903 2115 1220 2173 Romanas
1250 2112 1486 2173 invidet
1516 2116 1730 2173 arces?

914 3547 1143 3590 Mnacmw
1169 3560 1296 3590 wrru
1324 3549 1573 3590 CAnucnus
1594 3548 1654 3598 (v.
1675 3547 1784 3597 ²44)-

321 3702 479 3776 Quid
509 3704 704 3776 struit,
741 3710 849 3760 aut
879 3721 1002 3778 qua
1033 3721 1142 3781 spe
1174 3701 1422 3760 inimica
1453 3702 1514 3760 in
1545 3709 1731 3778 gente
1760 3709 2046 3772 moratur,
2302 3725 2363 3777 ²3
2370 3727 2396 3778 5

321 3820 428 3864 nec
454 3805 690 3881 prolem
722 3800 1065 3861 Ausoniam
1096 3811 1159 3861 et
1190 3801 1451 3862 Lavinia
1479 3799 1732 3877 respicit
1762 3801 1949 3858 arva?
