2796 4287
356 326 379 370 1
394 320 480 388 74
1164 305 1298 367 lee
1343 305 1619 369 AEneid.

348 498 585 558 distulit
616 498 677 556 in
711 517 906 557 seram
940 497 1270 557 commissa
1299 498 1544 573 piacula
1579 505 1854 557 mortem.

349 598 664 658 Continuo
695 606 908 657 sontes
941 598 1122 656 ultrix
1152 596 1431 656 accincta
1461 597 1707 674 flagello

348 699 688 776 Tisiphone
721 698 918 775 quatit
951 697 1274 771 insultans,
1308 707 1641 774 torvosque
1672 697 1920 757 sinistra

347 802 661 860 intentans
692 817 927 875 angues
958 806 1140 857 vocat
1169 798 1416 875 agmina
1446 817 1632 857 saeva
1654 817 1953 857 sororum.

348 902 507 959 Tum
528 901 783 959 -demum
814 898 1135 958 horrisono
1168 899 1498 959 stridentes
1529 899 1778 958 cardine
1810 917 2020 958 sacrae

346 1002 703 1078 panduntur
732 1010 964 1077 portae.
1057 1000 1275 1059 Cernis
1307 1000 1591 1059 custodia
1622 999 1820 1076 qualis

348 1101 653 1161 vestibulo
684 1102 916 1171 sedeat,
950 1101 1146 1159 facies
1180 1120 1337 1177 quae
1369 1100 1582 1158 limina
1612 1102 1856 1159 servet?

348 1201 814 1279 Quinquaginta
845 1202 994 1261 atris
1024 1201 1306 1260 immanis
1337 1200 1610 1260 hiatibus
1644 1201 1861 1279 Hydra

347 1302 586 1362 saevior
616 1302 779 1361 intus
810 1303 998 1361 habet
1031 1303 1260 1361 sedem.
1349 1303 1510 1359 Tum
1540 1303 1833 1359 Tartarus
1862 1300 1998 1377 ipse

344 1402 442 1461 bis
473 1410 645 1478 patet
674 1402 736 1460 in
768 1421 1066 1479 praeceps
1096 1412 1336 1461 tantum
1366 1402 1687 1478 tenditque
1721 1401 1835 1461 sub
1867 1400 2131 1472 umbraS,

346 1511 613 1579 quantus
645 1503 724 1562 ad
755 1503 1092 1562 aetherium
1125 1502 1281 1562 caeli
1311 1511 1638 1579 suspectus
1671 1500 2018 1578 Olympum.

971 1684 1187 1725 Famous
1215 1684 1509 1725 Evil-doers.

428 1801 444 1826 ³
466 1802 590 1863 Hic
619 1823 817 1880 genus
848 1803 1169 1879 antiquum
1201 1803 1449 1875 Terrae,
1483 1802 1731 1861 Titania
1760 1802 1975 1879 pubeS,

342 1904 599 1962 fulmine
632 1902 858 1962 deiecti
887 1903 1082 1962 fundo
1113 1902 1441 1961 volvuntur
1470 1902 1532 1960 in
1563 1902 1702 1961 im0.

349 2004 473 2063 Hic
504 2013 564 2062 et
595 2003 852 2061 Aloidas
880 2002 1161 2080 geminos
1191 2002 1481 2060 immania
1509 2000 1637 2061 vidi

345 2123 618 2182 corpora,
653 2103 758 2180 qui
788 2102 1074 2163 manibus
1104 2122 1389 2180 magnum
1424 2103 1773 2163 rescindere
1802 2103 2041 2162 caelum

345 2204 641 2283 adgressi,
675 2204 1035 2280 superisque
1068 2207 1280 2263 Iovem
1311 2204 1638 2263 detrudere
1669 2203 1889 2280 regnis,

347 2305 489 2364 Vidi
521 2314 582 2363 et
613 2304 896 2363 crudeles
927 2304 1174 2364 dantem
1211 2304 1542 2363 Salmonea
1579 2322 1831 2380 poenaS,

346 2406 492 2464 dum
522 2405 800 2463 flammas
835 2403 1000 2463 Iovis
1030 2413 1092 2462 et
1123 2403 1362 2463 sonitus
1394 2403 1663 2462 imitatur
1693 2402 1958 2481 Olympi.

346 2504 655 2578 Quattuor
684 2503 784 2562 hic
814 2503 1094 2563 invectus
1127 2503 1302 2580 equis
1334 2511 1397 2562 et
1427 2502 1715 2580 lampada
1745 2520 2051 2578 quassans

344 2622 454 2680 per
482 2602 735 2662 Graium
765 2603 1029 2680 populos
1059 2602 1427 2679 mediaeque
1459 2620 1569 2679 per
1601 2601 1795 2662 Elidis
1826 2602 2038 2661 urbem

344 2703 473 2762 ibat
502 2722 713 2775 ovanS,
748 2703 1077 2779 divomque
1110 2702 1228 2762 sibi
1257 2703 1558 2779 poscebat
1588 2703 2005 2774 honorem,—

255 2796 262 2802 ’
344 2803 617 2874 demens,
653 2801 757 2879 qui
786 2802 1030 2862 nimbos
1061 2811 1123 2863 et
1153 2821 1278 2861 non
1313 2802 1608 2861 imitabile
1636 2802 1872 2861 fulmen

345 2920 484 2960 aere
514 2911 577 2960 et
607 2902 1007 2978 cornipedum
1038 2902 1221 2978 pulsu
1252 2901 1569 2961 simularet
1599 2920 1915 2979 equorum.

344 3004 430 3060 At
457 3009 633 3078 pater
660 3000 1054 3077 omnipotens
1086 3002 1282 3061 densa
1311 3002 1474 3062 inter
1504 2990 1717 3063 nubila
1746 3003 1936 3061 telum

344 3100 661 3174 contorsit,
695 3120 820 3160 non
853 3101 954 3160 ille
982 3101 1156 3162 faces
1189 3106 1304 3161 nec
1331 3103 1541 3162 fumea
1569 3102 1769 3162 taedis

342 3200 590 3273 lumina,
624 3200 1145 3277 praecipitemque
1179 3201 1431 3260 immani
1461 3201 1704 3261 turbine
1736 3202 1957 3279 adegit.

247 3345 254 3352 -
344 3304 477 3360 Nec
507 3320 632 3359 non
665 3310 726 3359 et
757 3300 1000 3378 Tityon,
1036 3303 1263 3360 Terrae
1296 3301 1742 3378 omniparentis
1774 3302 2104 3374 alumnum,

343 3419 592 3460 cernere
623 3409 770 3473 erat,
804 3419 914 3476 per
943 3410 1072 3460 tota
1105 3421 1325 3460 novem
1357 3401 1455 3461 cui
1485 3400 1694 3479 iugera
1723 3421 1947 3478 corpus

340 3500 684 3578 porrigitur,
720 3510 1038 3577 rostroque
1070 3500 1353 3560 immanis
1384 3501 1586 3560 voltur
1614 3503 1859 3561 obunco

340 3601 682 3660 immortale
713 3600 878 3660 iecur
909 3600 1176 3660 tondens
1207 3601 1601 3678 fecundaque
1630 3601 1850 3679 poenis

338 3700 592 3773 viscera,
625 3699 1002 3776 rimaturque
1034 3700 1249 3776 epuliS,
1286 3700 1647 3778 habitatque
1679 3703 1794 3761 sub
1826 3701 1952 3760 alto

339 3808 606 3875 pectore,
641 3817 757 3857 nec
786 3797 956 3858 fibris
987 3797 1231 3874 requies
1263 3798 1446 3858 datur
1475 3799 1600 3859 ulla
1629 3799 1876 3860 renatis.

2118 313 2308 380 [Boox
2340 315 2439 364 VI.

2343 626 2442 680 570

2341 1126 2436 1179 575

2336 1814 2434 1880 580

2340 2316 2433 2383 585

2340 2825 2437 2879 590

2341 3327 2434 3380 595
