<?xml version="1.0" encoding="UTF-8"?>
<!DOCTYPE html PUBLIC "-//W3C//DTD XHTML 1.0 Transitional//EN"
    "http://www.w3.org/TR/xhtml1/DTD/xhtml1-transitional.dtd">
<html xmlns="http://www.w3.org/1999/xhtml" xml:lang="en" lang="en">
 <head>
  <title>
</title>
<meta http-equiv="Content-Type" content="text/html;charset=utf-8" />
  <meta name='ocr-system' content='tesseract 3.04.00' />
  <meta name='ocr-capabilities' content='ocr_page ocr_carea ocr_par ocr_line ocrx_word'/>
</head>
<body>
  <div class='ocr_page' id='page_1' title='image "./greaterpoemsvir01kittgoog_0234.png"; bbox 0 0 2796 4287; ppageno 0'>
   <div class='ocr_carea' id='block_1_1' title="bbox 390 282 2481 361">
    <p class='ocr_par' dir='ltr' id='par_1_1' title="bbox 390 282 2481 361">
     <span class='ocr_line' id='line_1_1' title="bbox 390 282 2481 361; baseline 0 -17"><span class='ocrx_word' id='word_1_1' title='bbox 390 298 517 361; x_wconf 89' lang='lat'><strong>144</strong></span> <span class='ocrx_word' id='word_1_2' title='bbox 1199 282 1331 344; x_wconf 80' lang='lat' dir='ltr'><strong>The</strong></span> <span class='ocrx_word' id='word_1_3' title='bbox 1376 282 1652 345; x_wconf 83' lang='lat' dir='ltr'><strong>AEneid.</strong></span> <span class='ocrx_word' id='word_1_4' title='bbox 2193 292 2387 358; x_wconf 78' lang='lat' dir='ltr'><strong>[Boox</strong></span> <span class='ocrx_word' id='word_1_5' title='bbox 2410 295 2481 344; x_wconf 85' lang='lat' dir='ltr'><strong>V.</strong></span> 
     </span>
    </p>
   </div>
   <div class='ocr_carea' id='block_1_2' title="bbox 996 470 1671 523">
    <p class='ocr_par' dir='ltr' id='par_1_2' title="bbox 996 470 1671 523">
     <span class='ocr_line' id='line_1_2' title="bbox 996 470 1671 523; baseline 0.003 -11"><span class='ocrx_word' id='word_1_6' title='bbox 996 471 1100 513; x_wconf 81' lang='lat' dir='ltr'><strong>The</strong></span> <span class='ocrx_word' id='word_1_7' title='bbox 1124 471 1308 523; x_wconf 75' lang='lat' dir='ltr'><strong>Appeal</strong></span> <span class='ocrx_word' id='word_1_8' title='bbox 1336 470 1387 512; x_wconf 70' lang='lat' dir='ltr'><strong>of</strong></span> <span class='ocrx_word' id='word_1_9' title='bbox 1414 471 1671 514; x_wconf 74' lang='lat' dir='ltr'><strong>Ascanius.</strong></span> 
     </span>
    </p>
   </div>
   <div class='ocr_carea' id='block_1_3' title="bbox 371 571 2477 2653">
    <p class='ocr_par' dir='ltr' id='par_1_3' title="bbox 380 571 2477 848">
     <span class='ocr_line' id='line_1_3' title="bbox 467 571 2165 650; baseline 0.001 -20"><span class='ocrx_word' id='word_1_10' title='bbox 467 571 736 631; x_wconf 88' lang='lat' dir='ltr'><strong>Nuntius</strong></span> <span class='ocrx_word' id='word_1_11' title='bbox 766 571 1080 633; x_wconf 88' lang='lat' dir='ltr'>Anchisae</span> <span class='ocrx_word' id='word_1_12' title='bbox 1112 571 1193 631; x_wconf 89' lang='lat' dir='ltr'><strong>ad</strong></span> <span class='ocrx_word' id='word_1_13' title='bbox 1222 572 1524 631; x_wconf 91' lang='lat' dir='ltr'><strong>tumulum</strong></span> <span class='ocrx_word' id='word_1_14' title='bbox 1554 591 1909 650; x_wconf 85' lang='lat' dir='ltr'>cuneosque</span> <span class='ocrx_word' id='word_1_15' title='bbox 1941 572 2165 632; x_wconf 87' lang='lat' dir='ltr'><strong>theatri</strong></span> 
     </span>
     <span class='ocr_line' id='line_1_4' title="bbox 380 670 2477 757; baseline 0.002 -29"><span class='ocrx_word' id='word_1_16' title='bbox 380 670 671 731; x_wconf 89' lang='lat' dir='ltr'><strong>incensas</strong></span> <span class='ocrx_word' id='word_1_17' title='bbox 699 672 931 749; x_wconf 86' lang='lat' dir='ltr'><strong>perfert</strong></span> <span class='ocrx_word' id='word_1_18' title='bbox 960 690 1150 731; x_wconf 89' lang='lat' dir='ltr'><strong>naves</strong></span> <span class='ocrx_word' id='word_1_19' title='bbox 1184 671 1494 745; x_wconf 78' lang='lat' dir='ltr'><strong>EumeluS,</strong></span> <span class='ocrx_word' id='word_1_20' title='bbox 1528 682 1592 732; x_wconf 92' lang='lat' dir='ltr'><strong>et</strong></span> <span class='ocrx_word' id='word_1_21' title='bbox 1621 672 1740 750; x_wconf 89' lang='lat' dir='ltr'><strong>ipsi</strong></span> <span class='ocrx_word' id='word_1_22' title='bbox 2374 689 2477 757; x_wconf 81' lang='lat'><strong>665</strong></span> 
     </span>
     <span class='ocr_line' id='line_1_5' title="bbox 380 770 1883 848; baseline 0.003 -20"><span class='ocrx_word' id='word_1_23' title='bbox 380 770 718 848; x_wconf 91' lang='lat' dir='ltr'><strong>respiciunt</strong></span> <span class='ocrx_word' id='word_1_24' title='bbox 746 781 942 831; x_wconf 88' lang='lat' dir='ltr'><strong>atram</strong></span> <span class='ocrx_word' id='word_1_25' title='bbox 972 771 1034 829; x_wconf 90' lang='lat' dir='ltr'><strong>in</strong></span> <span class='ocrx_word' id='word_1_26' title='bbox 1066 771 1277 831; x_wconf 85' lang='lat' dir='ltr'>nimbo</span> <span class='ocrx_word' id='word_1_27' title='bbox 1307 772 1564 831; x_wconf 87' lang='lat' dir='ltr'><strong>volitare</strong></span> <span class='ocrx_word' id='word_1_28' title='bbox 1594 772 1883 832; x_wconf 81' lang='lat' dir='ltr'><strong>favillam.</strong></span> 
     </span>
    </p>

    <p class='ocr_par' dir='ltr' id='par_1_4' title="bbox 382 870 1996 950">
     <span class='ocr_line' id='line_1_6' title="bbox 382 870 1996 950; baseline 0.002 -21"><span class='ocrx_word' id='word_1_29' title='bbox 382 870 621 930; x_wconf 89' lang='lat' dir='ltr'><strong>Primus</strong></span> <span class='ocrx_word' id='word_1_30' title='bbox 650 879 715 930; x_wconf 92' lang='lat' dir='ltr'><strong>et</strong></span> <span class='ocrx_word' id='word_1_31' title='bbox 745 870 1072 945; x_wconf 89' lang='lat' dir='ltr'><strong>Ascanius,</strong></span> <span class='ocrx_word' id='word_1_32' title='bbox 1105 890 1321 931; x_wconf 91' lang='lat' dir='ltr'><strong>cursus</strong></span> <span class='ocrx_word' id='word_1_33' title='bbox 1351 881 1421 931; x_wconf 93' lang='lat' dir='ltr'><strong>ut</strong></span> <span class='ocrx_word' id='word_1_34' title='bbox 1451 872 1648 931; x_wconf 89' lang='lat' dir='ltr'><strong>laetus</strong></span> <span class='ocrx_word' id='word_1_35' title='bbox 1677 882 1996 950; x_wconf 87' lang='lat' dir='ltr'><strong>equestres</strong></span> 
     </span>
    </p>

    <p class='ocr_par' dir='ltr' id='par_1_5' title="bbox 379 970 1674 1050">
     <span class='ocr_line' id='line_1_7' title="bbox 379 970 1674 1050; baseline 0.002 -21"><span class='ocrx_word' id='word_1_36' title='bbox 379 970 665 1045; x_wconf 88' lang='lat' dir='ltr'><strong>ducebat,</strong></span> <span class='ocrx_word' id='word_1_37' title='bbox 699 970 789 1030; x_wconf 91' lang='lat' dir='ltr'><strong>sic</strong></span> <span class='ocrx_word' id='word_1_38' title='bbox 820 990 961 1031; x_wconf 89' lang='lat' dir='ltr'><strong>acer</strong></span> <span class='ocrx_word' id='word_1_39' title='bbox 989 991 1151 1049; x_wconf 92' lang='lat' dir='ltr'><strong>equo</strong></span> <span class='ocrx_word' id='word_1_40' title='bbox 1181 973 1429 1032; x_wconf 87' lang='lat' dir='ltr'><strong>turbata</strong></span> <span class='ocrx_word' id='word_1_41' title='bbox 1457 972 1674 1050; x_wconf 90' lang='lat' dir='ltr'><strong>petivit</strong></span> 
     </span>
    </p>

    <p class='ocr_par' dir='ltr' id='par_1_6' title="bbox 380 1071 2003 1151">
     <span class='ocr_line' id='line_1_8' title="bbox 380 1071 2003 1151; baseline 0.002 -22"><span class='ocrx_word' id='word_1_42' title='bbox 380 1081 598 1145; x_wconf 89' lang='lat' dir='ltr'><strong>castra,</strong></span> <span class='ocrx_word' id='word_1_43' title='bbox 631 1090 748 1131; x_wconf 90' lang='lat' dir='ltr'><strong>nec</strong></span> <span class='ocrx_word' id='word_1_44' title='bbox 777 1071 1093 1131; x_wconf 86' lang='lat' dir='ltr'><strong>exanimes</strong></span> <span class='ocrx_word' id='word_1_45' title='bbox 1122 1082 1387 1149; x_wconf 89' lang='lat' dir='ltr'><strong>possunt</strong></span> <span class='ocrx_word' id='word_1_46' title='bbox 1418 1072 1680 1133; x_wconf 90' lang='lat' dir='ltr'><strong>retinere</strong></span> <span class='ocrx_word' id='word_1_47' title='bbox 1712 1072 2003 1151; x_wconf 88' lang='lat' dir='ltr'><strong>magistri.</strong></span> 
     </span>
    </p>

    <p class='ocr_par' dir='ltr' id='par_1_7' title="bbox 378 1169 2475 1451">
     <span class='ocr_line' id='line_1_9' title="bbox 379 1169 2475 1253; baseline 0.001 -23"><span class='ocrx_word' id='word_1_48' title='bbox 379 1169 394 1194; x_wconf 76' lang='lat'><strong><em>‘</em></strong></span> <span class='ocrx_word' id='word_1_49' title='bbox 413 1170 571 1245; x_wconf 88' lang='lat' dir='ltr'><strong>Quis</strong></span> <span class='ocrx_word' id='word_1_50' title='bbox 600 1172 770 1247; x_wconf 80' lang='lat' dir='ltr'><strong>furor</strong></span> <span class='ocrx_word' id='word_1_51' title='bbox 798 1171 916 1232; x_wconf 91' lang='lat' dir='ltr'><strong>iste</strong></span> <span class='ocrx_word' id='word_1_52' title='bbox 947 1176 1181 1234; x_wconf 85' lang='lat' dir='ltr'><strong>novus?</strong></span> <span class='ocrx_word' id='word_1_53' title='bbox 1257 1174 1401 1247; x_wconf 88' lang='lat' dir='ltr'><strong>Quo</strong></span> <span class='ocrx_word' id='word_1_54' title='bbox 1425 1192 1606 1246; x_wconf 89' lang='lat' dir='ltr'><strong>nunc,</strong></span> <span class='ocrx_word' id='word_1_55' title='bbox 1636 1193 1757 1249; x_wconf 92' lang='lat' dir='ltr'><strong>quo</strong></span> <span class='ocrx_word' id='word_1_56' title='bbox 1781 1172 2056 1233; x_wconf 88' lang='lat' dir='ltr'><strong>tenditis’</strong></span> <span class='ocrx_word' id='word_1_57' title='bbox 2082 1172 2301 1251; x_wconf 90' lang='lat' dir='ltr'><strong>inquit,</strong></span> <span class='ocrx_word' id='word_1_58' title='bbox 2370 1190 2475 1253; x_wconf 83' lang='lat'><strong>670</strong></span> 
     </span>
     <span class='ocr_line' id='line_1_10' title="bbox 378 1269 2204 1351; baseline 0.001 -22"><span class='ocrx_word' id='word_1_59' title='bbox 378 1269 548 1344; x_wconf 76' lang='lat' dir='ltr'><strong>‘heu,</strong></span> <span class='ocrx_word' id='word_1_60' title='bbox 582 1271 839 1332; x_wconf 85' lang='lat' dir='ltr'><strong>miserae</strong></span> <span class='ocrx_word' id='word_1_61' title='bbox 870 1271 1074 1334; x_wconf 84' lang='lat' dir='ltr'><strong>cives?</strong></span> <span class='ocrx_word' id='word_1_62' title='bbox 1148 1275 1207 1332; x_wconf 92' lang='lat' dir='ltr'>N</span> <span class='ocrx_word' id='word_1_63' title='bbox 1211 1293 1292 1332; x_wconf 90' lang='lat' dir='ltr'><strong>on</strong></span> <span class='ocrx_word' id='word_1_64' title='bbox 1323 1274 1567 1332; x_wconf 91' lang='lat' dir='ltr'><strong>hostem</strong></span> <span class='ocrx_word' id='word_1_65' title='bbox 1599 1273 1969 1351; x_wconf 88' lang='lat' dir='ltr'><strong>inimicaque</strong></span> <span class='ocrx_word' id='word_1_66' title='bbox 2001 1282 2204 1333; x_wconf 88' lang='lat' dir='ltr'><strong>castra</strong></span> 
     </span>
     <span class='ocr_line' id='line_1_11' title="bbox 378 1371 1952 1451; baseline -0.001 -19"><span class='ocrx_word' id='word_1_67' title='bbox 378 1371 691 1450; x_wconf 87' lang='lat' dir='ltr'><strong>Argivum,</strong></span> <span class='ocrx_word' id='word_1_68' title='bbox 724 1381 962 1433; x_wconf 88' lang='lat' dir='ltr'><strong>vestras</strong></span> <span class='ocrx_word' id='word_1_69' title='bbox 992 1391 1137 1450; x_wconf 91' lang='lat' dir='ltr'><strong>spes</strong></span> <span class='ocrx_word' id='word_1_70' title='bbox 1169 1373 1362 1433; x_wconf 90' lang='lat' dir='ltr'><strong>uritis.</strong></span> <span class='ocrx_word' id='word_1_71' title='bbox 1456 1376 1566 1446; x_wconf 91' lang='lat' dir='ltr'><strong>En,</strong></span> <span class='ocrx_word' id='word_1_72' title='bbox 1600 1392 1716 1451; x_wconf 91' lang='lat' dir='ltr'><strong>ego</strong></span> <span class='ocrx_word' id='word_1_73' title='bbox 1746 1383 1952 1433; x_wconf 90' lang='lat' dir='ltr'><strong>vester</strong></span> 
     </span>
    </p>

    <p class='ocr_par' dir='ltr' id='par_1_8' title="bbox 379 1472 2086 1551">
     <span class='ocr_line' id='line_1_12' title="bbox 379 1472 2086 1551; baseline 0.001 -21"><span class='ocrx_word' id='word_1_74' title='bbox 379 1472 688 1532; x_wconf 88' lang='lat' dir='ltr'><strong>Ascanius</strong></span> <span class='ocrx_word' id='word_1_75' title='bbox 709 1476 721 1532; x_wconf 78' lang='lat' dir='ltr'><strong>l</strong></span> <span class='ocrx_word' id='word_1_76' title='bbox 742 1473 758 1500; x_wconf 88' lang='lat'>&#39;</span> <span class='ocrx_word' id='word_1_77' title='bbox 844 1473 1103 1533; x_wconf 87' lang='lat' dir='ltr'><strong>Galeam</strong></span> <span class='ocrx_word' id='word_1_78' title='bbox 1134 1483 1278 1534; x_wconf 90' lang='lat' dir='ltr'><strong>ante</strong></span> <span class='ocrx_word' id='word_1_79' title='bbox 1308 1475 1503 1551; x_wconf 91' lang='lat' dir='ltr'><strong>pedes</strong></span> <span class='ocrx_word' id='word_1_80' title='bbox 1533 1473 1793 1550; x_wconf 91' lang='lat' dir='ltr'><strong>proiecit</strong></span> <span class='ocrx_word' id='word_1_81' title='bbox 1823 1473 2086 1547; x_wconf 88' lang='lat' dir='ltr'><strong>inanem,</strong></span> 
     </span>
    </p>

    <p class='ocr_par' dir='ltr' id='par_1_9' title="bbox 379 1572 1769 1649">
     <span class='ocr_line' id='line_1_13' title="bbox 379 1572 1769 1649; baseline 0.003 -19"><span class='ocrx_word' id='word_1_82' title='bbox 379 1591 501 1649; x_wconf 89' lang='lat' dir='ltr'><strong>qua</strong></span> <span class='ocrx_word' id='word_1_83' title='bbox 530 1573 677 1632; x_wconf 90' lang='lat' dir='ltr'><strong>ludo</strong></span> <span class='ocrx_word' id='word_1_84' title='bbox 708 1572 961 1633; x_wconf 90' lang='lat' dir='ltr'><strong>indutus</strong></span> <span class='ocrx_word' id='word_1_85' title='bbox 990 1574 1135 1634; x_wconf 94' lang='lat' dir='ltr'><strong>belli</strong></span> <span class='ocrx_word' id='word_1_86' title='bbox 1169 1574 1496 1633; x_wconf 87' lang='lat' dir='ltr'><strong>simulacra</strong></span> <span class='ocrx_word' id='word_1_87' title='bbox 1526 1573 1731 1634; x_wconf 90' lang='lat' dir='ltr'><strong>ciebat</strong></span> <span class='ocrx_word' id='word_1_88' title='bbox 1756 1598 1769 1646; x_wconf 89' lang='grc'><strong>;</strong></span> 
     </span>
    </p>

    <p class='ocr_par' dir='ltr' id='par_1_10' title="bbox 378 1672 2472 1851">
     <span class='ocr_line' id='line_1_14' title="bbox 378 1672 2472 1758; baseline 0.001 -28"><span class='ocrx_word' id='word_1_89' title='bbox 378 1673 680 1732; x_wconf 88' lang='lat' dir='ltr'><strong>accelerat</strong></span> <span class='ocrx_word' id='word_1_90' title='bbox 710 1672 891 1732; x_wconf 89' lang='lat' dir='ltr'><strong>simul</strong></span> <span class='ocrx_word' id='word_1_91' title='bbox 922 1676 1188 1747; x_wconf 84' lang='lat' dir='ltr'><strong>AeneaS,</strong></span> <span class='ocrx_word' id='word_1_92' title='bbox 1221 1674 1404 1733; x_wconf 90' lang='lat' dir='ltr'><strong>simul</strong></span> <span class='ocrx_word' id='word_1_93' title='bbox 1434 1674 1681 1752; x_wconf 89' lang='lat' dir='ltr'><strong>agmina</strong></span> <span class='ocrx_word' id='word_1_94' title='bbox 1710 1675 2035 1733; x_wconf 89' lang='lat' dir='ltr'><strong>Teucrum.</strong></span> <span class='ocrx_word' id='word_1_95' title='bbox 2370 1691 2432 1753; x_wconf 85' lang='lat'><strong>67</strong></span> <span class='ocrx_word' id='word_1_96' title='bbox 2442 1704 2472 1758; x_wconf 80' lang='lat'>5</span> 
     </span>
     <span class='ocr_line' id='line_1_15' title="bbox 378 1771 1749 1851; baseline 0.001 -20"><span class='ocrx_word' id='word_1_97' title='bbox 378 1775 498 1831; x_wconf 92' lang='lat' dir='ltr'><strong>Ast</strong></span> <span class='ocrx_word' id='word_1_98' title='bbox 526 1771 667 1831; x_wconf 87' lang='lat' dir='ltr'><strong>illae</strong></span> <span class='ocrx_word' id='word_1_99' title='bbox 699 1772 943 1832; x_wconf 86' lang='lat' dir='ltr'><strong>diversa</strong></span> <span class='ocrx_word' id='word_1_100' title='bbox 973 1784 1141 1834; x_wconf 91' lang='lat' dir='ltr'><strong>metu</strong></span> <span class='ocrx_word' id='word_1_101' title='bbox 1170 1793 1279 1851; x_wconf 90' lang='lat' dir='ltr'><strong>per</strong></span> <span class='ocrx_word' id='word_1_102' title='bbox 1308 1773 1488 1833; x_wconf 88' lang='lat' dir='ltr'><strong>litora</strong></span> <span class='ocrx_word' id='word_1_103' title='bbox 1520 1774 1749 1851; x_wconf 84' lang='lat' dir='ltr'><strong>passim</strong></span> 
     </span>
    </p>

    <p class='ocr_par' dir='ltr' id='par_1_11' title="bbox 377 1871 1937 1951">
     <span class='ocr_line' id='line_1_16' title="bbox 377 1871 1937 1951; baseline 0.001 -21"><span class='ocrx_word' id='word_1_104' title='bbox 377 1871 725 1950; x_wconf 83' lang='lat' dir='ltr'><strong>diffugiunt,</strong></span> <span class='ocrx_word' id='word_1_105' title='bbox 759 1873 1070 1951; x_wconf 90' lang='lat' dir='ltr'><strong>silvasque</strong></span> <span class='ocrx_word' id='word_1_106' title='bbox 1100 1883 1164 1932; x_wconf 91' lang='lat' dir='ltr'><strong>et</strong></span> <span class='ocrx_word' id='word_1_107' title='bbox 1192 1873 1391 1933; x_wconf 92' lang='lat' dir='ltr'><strong>sicubi</strong></span> <span class='ocrx_word' id='word_1_108' title='bbox 1422 1893 1698 1935; x_wconf 89' lang='lat' dir='ltr'><strong>concava</strong></span> <span class='ocrx_word' id='word_1_109' title='bbox 1726 1875 1937 1934; x_wconf 81' lang='lat' dir='ltr'><strong>furtim</strong></span> 
     </span>
    </p>

    <p class='ocr_par' dir='ltr' id='par_1_12' title="bbox 376 1973 1916 2051">
     <span class='ocr_line' id='line_1_17' title="bbox 376 1973 1916 2051; baseline 0.003 -21"><span class='ocrx_word' id='word_1_110' title='bbox 376 1991 527 2031; x_wconf 81' lang='lat' dir='ltr'><strong>saxa</strong></span> <span class='ocrx_word' id='word_1_111' title='bbox 555 1982 809 2050; x_wconf 89' lang='lat' dir='ltr'><strong>petunt;</strong></span> <span class='ocrx_word' id='word_1_112' title='bbox 855 1973 1025 2051; x_wconf 88' lang='lat' dir='ltr'><strong>piget</strong></span> <span class='ocrx_word' id='word_1_113' title='bbox 1056 1974 1287 2050; x_wconf 89' lang='lat' dir='ltr'><strong>incepti</strong></span> <span class='ocrx_word' id='word_1_114' title='bbox 1317 1973 1614 2050; x_wconf 88' lang='lat' dir='ltr'><strong>lucisque,</strong></span> <span class='ocrx_word' id='word_1_115' title='bbox 1648 1993 1916 2051; x_wconf 90' lang='lat' dir='ltr'><strong>suosque</strong></span> 
     </span>
    </p>

    <p class='ocr_par' dir='ltr' id='par_1_13' title="bbox 375 2073 2119 2157">
     <span class='ocr_line' id='line_1_18' title="bbox 375 2073 2119 2157; baseline 0.002 -26"><span class='ocrx_word' id='word_1_116' title='bbox 375 2083 647 2157; x_wconf 88' lang='lat' dir='ltr'><strong>mutatae</strong></span> <span class='ocrx_word' id='word_1_117' title='bbox 678 2073 1084 2153; x_wconf 89' lang='lat' dir='ltr'><strong>adgnoscunt,</strong></span> <span class='ocrx_word' id='word_1_118' title='bbox 1119 2091 1502 2152; x_wconf 86' lang='lat' dir='ltr'><strong>excussaque</strong></span> <span class='ocrx_word' id='word_1_119' title='bbox 1531 2084 1783 2153; x_wconf 90' lang='lat' dir='ltr'><strong>pectore</strong></span> <span class='ocrx_word' id='word_1_120' title='bbox 1816 2078 1976 2135; x_wconf 89' lang='lat' dir='ltr'><strong>Iuno</strong></span> <span class='ocrx_word' id='word_1_121' title='bbox 2006 2085 2119 2135; x_wconf 92' lang='lat' dir='ltr'><strong>est.</strong></span> 
     </span>
    </p>

    <p class='ocr_par' dir='ltr' id='par_1_14' title="bbox 373 2170 2469 2352">
     <span class='ocr_line' id='line_1_19' title="bbox 378 2170 2469 2252; baseline 0.002 -19"><span class='ocrx_word' id='word_1_122' title='bbox 378 2174 501 2234; x_wconf 90' lang='lat' dir='ltr'><strong>Sed</strong></span> <span class='ocrx_word' id='word_1_123' title='bbox 530 2194 657 2233; x_wconf 90' lang='lat' dir='ltr'><strong>non</strong></span> <span class='ocrx_word' id='word_1_124' title='bbox 687 2173 916 2235; x_wconf 91' lang='lat' dir='ltr'><strong>idcirco</strong></span> <span class='ocrx_word' id='word_1_125' title='bbox 946 2175 1230 2234; x_wconf 90' lang='lat' dir='ltr'><strong>flammae</strong></span> <span class='ocrx_word' id='word_1_126' title='bbox 1261 2185 1446 2252; x_wconf 91' lang='lat' dir='ltr'><strong>atque</strong></span> <span class='ocrx_word' id='word_1_127' title='bbox 1477 2170 1768 2235; x_wconf 81' lang='lat' dir='ltr'><strong>incendia</strong></span> <span class='ocrx_word' id='word_1_128' title='bbox 1797 2175 1957 2236; x_wconf 91' lang='lat' dir='ltr'><strong>vires</strong></span> <span class='ocrx_word' id='word_1_129' title='bbox 2367 2193 2469 2244; x_wconf 82' lang='lat'><strong>680</strong></span> 
     </span>
     <span class='ocr_line' id='line_1_20' title="bbox 373 2273 1785 2352; baseline 0.002 -20"><span class='ocrx_word' id='word_1_130' title='bbox 373 2273 706 2333; x_wconf 91' lang='lat' dir='ltr'><strong>indomitas</strong></span> <span class='ocrx_word' id='word_1_131' title='bbox 735 2293 996 2352; x_wconf 89' lang='lat' dir='ltr'><strong>posuere</strong></span> <span class='ocrx_word' id='word_1_132' title='bbox 1024 2299 1039 2348; x_wconf 81' lang='lat'><em>3</em></span> <span class='ocrx_word' id='word_1_133' title='bbox 1084 2276 1208 2335; x_wconf 91' lang='lat' dir='ltr'><strong>udo</strong></span> <span class='ocrx_word' id='word_1_134' title='bbox 1239 2276 1355 2336; x_wconf 91' lang='lat' dir='ltr'><strong>sub</strong></span> <span class='ocrx_word' id='word_1_135' title='bbox 1385 2276 1607 2335; x_wconf 92' lang='lat' dir='ltr'><strong>robore</strong></span> <span class='ocrx_word' id='word_1_136' title='bbox 1635 2275 1785 2335; x_wconf 86' lang='lat' dir='ltr'><strong>vivit</strong></span> 
     </span>
    </p>

    <p class='ocr_par' dir='ltr' id='par_1_15' title="bbox 374 2375 2079 2453">
     <span class='ocr_line' id='line_1_21' title="bbox 374 2375 2079 2453; baseline 0.001 -21"><span class='ocrx_word' id='word_1_137' title='bbox 374 2382 601 2451; x_wconf 89' lang='lat' dir='ltr'><strong>stuppa</strong></span> <span class='ocrx_word' id='word_1_138' title='bbox 629 2393 885 2435; x_wconf 89' lang='lat' dir='ltr'><strong>vomens</strong></span> <span class='ocrx_word' id='word_1_139' title='bbox 915 2376 1160 2435; x_wconf 90' lang='lat' dir='ltr'><strong>tardum</strong></span> <span class='ocrx_word' id='word_1_140' title='bbox 1189 2376 1445 2449; x_wconf 82' lang='lat' dir='ltr'><strong>fumum,</strong></span> <span class='ocrx_word' id='word_1_141' title='bbox 1478 2376 1805 2453; x_wconf 89' lang='lat' dir='ltr'><strong>lentusque</strong></span> <span class='ocrx_word' id='word_1_142' title='bbox 1836 2375 2079 2435; x_wconf 85' lang='lat' dir='ltr'><strong>carinas</strong></span> 
     </span>
    </p>

    <p class='ocr_par' dir='ltr' id='par_1_16' title="bbox 372 2475 1854 2553">
     <span class='ocr_line' id='line_1_22' title="bbox 372 2475 1854 2553; baseline 0.003 -22"><span class='ocrx_word' id='word_1_143' title='bbox 372 2482 469 2532; x_wconf 93' lang='lat' dir='ltr'><strong>est</strong></span> <span class='ocrx_word' id='word_1_144' title='bbox 497 2493 704 2551; x_wconf 88' lang='lat' dir='ltr'><strong>vapor,</strong></span> <span class='ocrx_word' id='word_1_145' title='bbox 739 2485 802 2535; x_wconf 92' lang='lat' dir='ltr'><strong>et</strong></span> <span class='ocrx_word' id='word_1_146' title='bbox 830 2484 965 2535; x_wconf 93' lang='lat' dir='ltr'><strong>toto</strong></span> <span class='ocrx_word' id='word_1_147' title='bbox 996 2476 1324 2535; x_wconf 90' lang='lat' dir='ltr'><strong>descendit</strong></span> <span class='ocrx_word' id='word_1_148' title='bbox 1352 2494 1610 2552; x_wconf 89' lang='lat' dir='ltr'><strong>corpore</strong></span> <span class='ocrx_word' id='word_1_149' title='bbox 1639 2475 1854 2553; x_wconf 81' lang='lat' dir='ltr'><strong>pestiS‚</strong></span> 
     </span>
    </p>

    <p class='ocr_par' dir='ltr' id='par_1_17' title="bbox 371 2573 1910 2653">
     <span class='ocr_line' id='line_1_23' title="bbox 371 2573 1910 2653; baseline 0.002 -22"><span class='ocrx_word' id='word_1_150' title='bbox 371 2592 488 2632; x_wconf 89' lang='lat' dir='ltr'><strong>nec</strong></span> <span class='ocrx_word' id='word_1_151' title='bbox 516 2573 678 2634; x_wconf 88' lang='lat' dir='ltr'><strong>vires</strong></span> <span class='ocrx_word' id='word_1_152' title='bbox 706 2575 961 2635; x_wconf 91' lang='lat' dir='ltr'><strong>heroum</strong></span> <span class='ocrx_word' id='word_1_153' title='bbox 991 2575 1320 2653; x_wconf 82' lang='lat' dir='ltr'><strong>infusaque</strong></span> <span class='ocrx_word' id='word_1_154' title='bbox 1351 2575 1606 2634; x_wconf 89' lang='lat' dir='ltr'><strong>fiumina</strong></span> <span class='ocrx_word' id='word_1_155' title='bbox 1635 2585 1910 2653; x_wconf 89' lang='lat' dir='ltr'><strong>prosunt.</strong></span> 
     </span>
    </p>
   </div>
   <div class='ocr_carea' id='block_1_4' title="bbox 935 2758 1597 2809">
    <p class='ocr_par' dir='ltr' id='par_1_18' title="bbox 935 2758 1597 2809">
     <span class='ocr_line' id='line_1_24' title="bbox 935 2758 1597 2809; baseline 0 -11"><span class='ocrx_word' id='word_1_156' title='bbox 935 2758 1037 2799; x_wconf 84' lang='lat' dir='ltr'><strong>The</strong></span> <span class='ocrx_word' id='word_1_157' title='bbox 1065 2758 1260 2799; x_wconf 73' lang='lat' dir='ltr'><strong>Flames</strong></span> <span class='ocrx_word' id='word_1_158' title='bbox 1288 2769 1370 2799; x_wconf 79' lang='lat' dir='ltr'><strong>are</strong></span> <span class='ocrx_word' id='word_1_159' title='bbox 1397 2758 1597 2809; x_wconf 74' lang='lat' dir='ltr'><strong>Stayed.</strong></span> 
     </span>
    </p>
   </div>
   <div class='ocr_carea' id='block_1_5' title="bbox 366 2874 2463 3852">
    <p class='ocr_par' dir='ltr' id='par_1_19' title="bbox 366 2874 2463 3852">
     <span class='ocr_line' id='line_1_25' title="bbox 454 2874 2463 2961; baseline 0.001 -28"><span class='ocrx_word' id='word_1_160' title='bbox 454 2876 613 2934; x_wconf 91' lang='lat' dir='ltr'><strong>Tum</strong></span> <span class='ocrx_word' id='word_1_161' title='bbox 643 2874 783 2952; x_wconf 92' lang='lat' dir='ltr'><strong>pius</strong></span> <span class='ocrx_word' id='word_1_162' title='bbox 815 2879 1063 2935; x_wconf 91' lang='lat' dir='ltr'><strong>Aeneas</strong></span> <span class='ocrx_word' id='word_1_163' title='bbox 1092 2875 1319 2935; x_wconf 89' lang='lat' dir='ltr'><strong>umeris</strong></span> <span class='ocrx_word' id='word_1_164' title='bbox 1350 2875 1718 2937; x_wconf 88' lang='lat' dir='ltr'><strong>abscindere</strong></span> <span class='ocrx_word' id='word_1_165' title='bbox 1747 2887 2001 2950; x_wconf 88' lang='lat' dir='ltr'><strong>vestem,</strong></span> <span class='ocrx_word' id='word_1_166' title='bbox 2363 2895 2463 2961; x_wconf 76' lang='lat'><strong>633</strong></span> 
     </span>
     <span class='ocr_line' id='line_1_26' title="bbox 371 2974 1859 3053; baseline 0.003 -21"><span class='ocrx_word' id='word_1_167' title='bbox 371 2974 718 3052; x_wconf 87' lang='lat' dir='ltr'><strong>auxilioque</strong></span> <span class='ocrx_word' id='word_1_168' title='bbox 748 2992 969 3035; x_wconf 85' lang='lat' dir='ltr'><strong>vocare</strong></span> <span class='ocrx_word' id='word_1_169' title='bbox 1000 2977 1171 3050; x_wconf 91' lang='lat' dir='ltr'><strong>deos,</strong></span> <span class='ocrx_word' id='word_1_170' title='bbox 1204 2986 1268 3036; x_wconf 92' lang='lat' dir='ltr'><strong>et</strong></span> <span class='ocrx_word' id='word_1_171' title='bbox 1295 2976 1550 3036; x_wconf 88' lang='lat' dir='ltr'><strong>tendere</strong></span> <span class='ocrx_word' id='word_1_172' title='bbox 1580 2977 1818 3053; x_wconf 89' lang='lat' dir='ltr'><strong>palmas</strong></span> <span class='ocrx_word' id='word_1_173' title='bbox 1848 3000 1859 3035; x_wconf 93' lang='lat'>:</span> 
     </span>
     <span class='ocr_line' id='line_1_27' title="bbox 370 3071 2104 3152; baseline 0.001 -19"><span class='ocrx_word' id='word_1_174' title='bbox 370 3071 387 3097; x_wconf 72' lang='grc'><em>“</em></span> <span class='ocrx_word' id='word_1_175' title='bbox 405 3074 684 3151; x_wconf 88' lang='lat' dir='ltr'><strong>Iuppiter</strong></span> <span class='ocrx_word' id='word_1_176' title='bbox 710 3074 1123 3152; x_wconf 80' lang='lat' dir='ltr'><strong>omnipotenS,</strong></span> <span class='ocrx_word' id='word_1_177' title='bbox 1158 3075 1211 3135; x_wconf 93' lang='lat' dir='ltr'><strong>si</strong></span> <span class='ocrx_word' id='word_1_178' title='bbox 1241 3076 1516 3135; x_wconf 90' lang='lat' dir='ltr'><strong>nondum</strong></span> <span class='ocrx_word' id='word_1_179' title='bbox 1547 3094 1773 3136; x_wconf 81' lang='lat' dir='ltr'><strong>exosus</strong></span> <span class='ocrx_word' id='word_1_180' title='bbox 1803 3076 1883 3136; x_wconf 88' lang='lat' dir='ltr'><strong>ad</strong></span> <span class='ocrx_word' id='word_1_181' title='bbox 1915 3094 2104 3135; x_wconf 91' lang='lat' dir='ltr'><strong>unum</strong></span> 
     </span>
     <span class='ocr_line' id='line_1_28' title="bbox 370 3173 1751 3253; baseline 0.004 -22"><span class='ocrx_word' id='word_1_182' title='bbox 370 3173 693 3248; x_wconf 81' lang='lat' dir='ltr'><strong>TroianOS,</strong></span> <span class='ocrx_word' id='word_1_183' title='bbox 727 3174 780 3234; x_wconf 92' lang='lat' dir='ltr'><strong>si</strong></span> <span class='ocrx_word' id='word_1_184' title='bbox 811 3174 960 3252; x_wconf 91' lang='lat' dir='ltr'><strong>quid</strong></span> <span class='ocrx_word' id='word_1_185' title='bbox 989 3175 1190 3253; x_wconf 89' lang='lat' dir='ltr'><strong>pietas</strong></span> <span class='ocrx_word' id='word_1_186' title='bbox 1221 3176 1478 3253; x_wconf 89' lang='lat' dir='ltr'><strong>antiqua</strong></span> <span class='ocrx_word' id='word_1_187' title='bbox 1506 3176 1751 3236; x_wconf 89' lang='lat' dir='ltr'><strong>labores</strong></span> 
     </span>
     <span class='ocr_line' id='line_1_29' title="bbox 369 3273 1930 3351; baseline 0.002 -19"><span class='ocrx_word' id='word_1_188' title='bbox 369 3273 619 3351; x_wconf 91' lang='lat' dir='ltr'><strong>respicit</strong></span> <span class='ocrx_word' id='word_1_189' title='bbox 647 3276 968 3349; x_wconf 80' lang='lat' dir='ltr'><strong>humanOS,</strong></span> <span class='ocrx_word' id='word_1_190' title='bbox 1001 3276 1083 3336; x_wconf 89' lang='lat' dir='ltr'><strong>da</strong></span> <span class='ocrx_word' id='word_1_191' title='bbox 1111 3276 1421 3336; x_wconf 88' lang='lat' dir='ltr'><strong>flammam</strong></span> <span class='ocrx_word' id='word_1_192' title='bbox 1452 3276 1715 3336; x_wconf 88' lang='lat' dir='ltr'><strong>evadere</strong></span> <span class='ocrx_word' id='word_1_193' title='bbox 1746 3276 1930 3336; x_wconf 89' lang='lat' dir='ltr'><strong>classi</strong></span> 
     </span>
     <span class='ocr_line' id='line_1_30' title="bbox 369 3375 2463 3461; baseline 0.002 -29"><span class='ocrx_word' id='word_1_194' title='bbox 369 3393 553 3447; x_wconf 90' lang='lat' dir='ltr'><strong>nunc,</strong></span> <span class='ocrx_word' id='word_1_195' title='bbox 589 3377 788 3449; x_wconf 87' lang='lat' dir='ltr'><strong>Pater,</strong></span> <span class='ocrx_word' id='word_1_196' title='bbox 822 3386 885 3436; x_wconf 92' lang='lat' dir='ltr'><strong>et</strong></span> <span class='ocrx_word' id='word_1_197' title='bbox 913 3385 1134 3436; x_wconf 91' lang='lat' dir='ltr'><strong>tenues</strong></span> <span class='ocrx_word' id='word_1_198' title='bbox 1164 3378 1472 3436; x_wconf 88' lang='lat' dir='ltr'><strong>Teucrum</strong></span> <span class='ocrx_word' id='word_1_199' title='bbox 1501 3395 1600 3436; x_wconf 89' lang='lat' dir='ltr'><strong>res</strong></span> <span class='ocrx_word' id='word_1_200' title='bbox 1631 3375 1797 3454; x_wconf 91' lang='lat' dir='ltr'><strong>eripe</strong></span> <span class='ocrx_word' id='word_1_201' title='bbox 1829 3376 1971 3436; x_wconf 77' lang='lat' dir='ltr'><strong>leto,</strong></span> <span class='ocrx_word' id='word_1_202' title='bbox 2359 3395 2463 3461; x_wconf 82' lang='lat'><strong>690</strong></span> 
     </span>
     <span class='ocr_line' id='line_1_31' title="bbox 367 3473 2081 3554; baseline 0.002 -22"><span class='ocrx_word' id='word_1_203' title='bbox 367 3473 486 3533; x_wconf 92' lang='lat' dir='ltr'><strong>Vel</strong></span> <span class='ocrx_word' id='word_1_204' title='bbox 514 3483 598 3548; x_wconf 93' lang='lat' dir='ltr'><strong>tu,</strong></span> <span class='ocrx_word' id='word_1_205' title='bbox 622 3477 885 3552; x_wconf 91' lang='lat' dir='ltr'><strong>—quod</strong></span> <span class='ocrx_word' id='word_1_206' title='bbox 915 3485 1214 3554; x_wconf 90' lang='lat' dir='ltr'><strong>superest,</strong></span> <span class='ocrx_word' id='word_1_207' title='bbox 1234 3476 1567 3536; x_wconf 84' lang='lat' dir='ltr'><strong>—infesto</strong></span> <span class='ocrx_word' id='word_1_208' title='bbox 1595 3476 1851 3536; x_wconf 82' lang='lat' dir='ltr'><strong>fulmine</strong></span> <span class='ocrx_word' id='word_1_209' title='bbox 1867 3476 2081 3551; x_wconf 80' lang='lat' dir='ltr'><strong>morti,</strong></span> 
     </span>
     <span class='ocr_line' id='line_1_32' title="bbox 369 3573 1911 3654; baseline 0.003 -23"><span class='ocrx_word' id='word_1_210' title='bbox 369 3573 422 3632; x_wconf 90' lang='lat' dir='ltr'><strong>si</strong></span> <span class='ocrx_word' id='word_1_211' title='bbox 454 3593 704 3649; x_wconf 86' lang='lat' dir='ltr'><strong>mereor,</strong></span> <span class='ocrx_word' id='word_1_212' title='bbox 738 3576 1009 3650; x_wconf 89' lang='lat' dir='ltr'><strong>demitte,</strong></span> <span class='ocrx_word' id='word_1_213' title='bbox 1043 3585 1272 3654; x_wconf 86' lang='lat' dir='ltr'><strong>tuaque</strong></span> <span class='ocrx_word' id='word_1_214' title='bbox 1304 3576 1405 3636; x_wconf 91' lang='lat' dir='ltr'><strong>hic</strong></span> <span class='ocrx_word' id='word_1_215' title='bbox 1434 3577 1627 3636; x_wconf 90' lang='lat' dir='ltr'><strong>obrue</strong></span> <span class='ocrx_word' id='word_1_216' title='bbox 1658 3578 1911 3637; x_wconf 60' lang='lat' dir='ltr'><strong>dextra)</strong></span> 
     </span>
     <span class='ocr_line' id='line_1_33' title="bbox 367 3673 1910 3748; baseline 0.003 -17"><span class='ocrx_word' id='word_1_217' title='bbox 367 3673 488 3732; x_wconf 84' lang='lat' dir='ltr'><strong>Vix</strong></span> <span class='ocrx_word' id='word_1_218' title='bbox 517 3674 672 3734; x_wconf 85' lang='lat' dir='ltr'><strong>haec</strong></span> <span class='ocrx_word' id='word_1_219' title='bbox 702 3674 998 3748; x_wconf 89' lang='lat' dir='ltr'><strong>ediderat,</strong></span> <span class='ocrx_word' id='word_1_220' title='bbox 1032 3695 1171 3736; x_wconf 92' lang='lat' dir='ltr'><strong>cum</strong></span> <span class='ocrx_word' id='word_1_221' title='bbox 1201 3675 1417 3735; x_wconf 88' lang='lat' dir='ltr'><strong>effusis</strong></span> <span class='ocrx_word' id='word_1_222' title='bbox 1447 3675 1745 3736; x_wconf 88' lang='lat' dir='ltr'><strong>imbribus</strong></span> <span class='ocrx_word' id='word_1_223' title='bbox 1777 3685 1910 3736; x_wconf 85' lang='lat' dir='ltr'><strong>atra</strong></span> 
     </span>
     <span class='ocr_line' id='line_1_34' title="bbox 366 3774 2062 3852; baseline 0.002 -19"><span class='ocrx_word' id='word_1_224' title='bbox 366 3782 704 3851; x_wconf 89' lang='lat' dir='ltr'><strong>tempestas</strong></span> <span class='ocrx_word' id='word_1_225' title='bbox 734 3774 869 3834; x_wconf 90' lang='lat' dir='ltr'><strong>sine</strong></span> <span class='ocrx_word' id='word_1_226' title='bbox 898 3793 1067 3835; x_wconf 92' lang='lat' dir='ltr'><strong>more</strong></span> <span class='ocrx_word' id='word_1_227' title='bbox 1095 3775 1261 3849; x_wconf 83' lang='lat' dir='ltr'><strong>furit,</strong></span> <span class='ocrx_word' id='word_1_228' title='bbox 1294 3774 1652 3852; x_wconf 91' lang='lat' dir='ltr'><strong>tonitruque</strong></span> <span class='ocrx_word' id='word_1_229' title='bbox 1684 3785 2062 3836; x_wconf 88' lang='lat' dir='ltr'><strong>tremescunt</strong></span> 
     </span>
    </p>
   </div>
  </div>
 </body>
</html>
