2796 4287
442 295 570 375 136
1251 300 1385 365 The
1431 302 1708 369 AEnetd.

2238 314 2433 381 [Boon
2462 316 2533 367 V.

1174 1804 1335 1844 DARns
1362 1816 1461 1846 Am>
1492 1807 1747 1848 Ena-nnus.

515 2023 647 2080 Stat
675 2022 878 2097 gravis
915 2020 1192 2079 Entellus
1225 2021 1486 2095 nisuque
1521 2020 1804 2079 immotus
1836 2022 2069 2095 eodem,

427 2141 683 2198 corpore
713 2121 835 2182 tela
864 2121 1047 2180 modo
1081 2130 1264 2196 atque
1295 2120 1490 2179 oculis
1511 2120 1916 2197 vigilantibus
1948 2123 2087 2182 exit.

429 2222 557 2292 Ille,
593 2221 759 2280 velut
789 2221 1017 2280 celsam
1050 2232 1365 2297 oppugnat
1395 2220 1499 2296 qui
1531 2221 1797 2280 molibus
1827 2224 2056 2294 urbem,

428 2332 532 2380 aut
561 2331 853 2380 montana
884 2322 1060 2381 sedet
1089 2321 1314 2379 circum
1346 2321 1599 2380 castella
1630 2322 1746 2380 sub
1780 2322 1978 2395 armis,

427 2442 590 2481 nunc
620 2423 751 2495 hos,
787 2442 949 2481 nunc
980 2421 1114 2480 illos
1147 2421 1365 2493 aditus,
1401 2440 1769 2496 omnemque
1794 2432 2063 2498 pererrat

432 2533 557 2581 arte
589 2521 806 2595 locum,
841 2532 900 2580 et
930 2521 1112 2579 variis
1144 2520 1486 2579 adsultibus
1518 2520 1735 2580 inritus
1767 2531 1995 2599 urguet.

428 2622 716 2681 Ostendit
745 2623 1016 2681 dextram
1048 2620 1371 2697 insurgens
1407 2608 1694 2694 Entellus,
1730 2631 1791 2680 et
1821 2622 1954 2681 alte-

428 2722 676 2782 extulit:
723 2721 822 2782 ille
854 2721 1037 2780 ictum
1070 2720 1418 2780 venientem
1452 2741 1487 2780 a
1517 2722 1744 2781 vertice
1776 2721 1952 2781 velox

425 2822 744 2900 praevidit,
780 2821 1086 2897 celerique
1119 2822 1367 2897 elapsus
1398 2830 1670 2898 corpore·
1686 2821 1889 2881 cessit.

429 2922 707 2981 Entellus
738 2921 895 2980 vires
928 2920 988 2978 in
1020 2930 1268 2980 ventum
1299 2921 1534 2995 effudit,
1569 2932 1631 2981 et
1661 2922 1818 2981 ultro

426 3023 558 3099 ipse
588 3020 793 3099 gravis
823 3020 1210 3097 graviterque
1243 3021 1321 3078 ad
1350 3030 1572 3080 terram
1604 3023 1877 3099 pondere
1910 3033 2085 3082 vasto

425 3121 712 3194 concidit,
746 3130 813 3179 ut
843 3121 1152 3197 quondam
1185 3141 1336 3179 cava
1367 3122 1640 3181 concidit
1672 3133 1775 3181 aut
1809 3124 2205 3200 ErymanthO,

427 3233 531 3282 aut
563 3223 679 3281 Ida
709 3220 771 3279 in
803 3240 1041 3298 magna,
1074 3221 1386 3280 radicibus
1419 3232 1590 3281 eruta
1622 3223 1821 3299 pinus,

426 3326 829 3399 Consurgunt
858 3321 1077 3380 studiis
1107 3321 1329 3380 Teucri
1361 3332 1424 3382 et
1454 3323 1773 3382 Trinacria
1801 3325 1999 3400 pubes
2023 3348 2035 3396 ;

424 3424 471 3483 it
501 3424 730 3483 clamor
759 3421 949 3494 cae10,
978 3421 1333 3498 primusque
1367 3422 1629 3482 accurrit
1658 3426 1936 3496 AcesteS,

426 3542 931 3601 aequaevumque
964 3523 1041 3581 ab
1073 3523 1259 3580 humo
1291 3522 1591 3582 miserans
1623 3523 1843 3583 attollit
1876 3524 2155 3583 amicum.

424 3628 509 3684 At
537 3645 662 3685 non
694 3623 970 3682 tardatus
1002 3642 1150 3681 casu
1182 3643 1382 3698 neque
1413 3623 1657 3683 territus
1688 3625 1871 3684 heros

424 3724 618 3784 acrior
649 3723 729 3782 ad
759 3740 1027 3799 pugnarn
1059 3723 1232 3795 redit,
1269 3742 1340 3780 ac
1371 3723 1494 3780 vim
1526 3723 1783 3783 suscitat
1813 3723 1917 3783 ira.

2428 2358 2529 2404 440

2432 2859 2532 2910 445

2431 3357 2531 3409 450
