<?xml version="1.0" encoding="UTF-8"?>
<!DOCTYPE html PUBLIC "-//W3C//DTD XHTML 1.0 Transitional//EN"
    "http://www.w3.org/TR/xhtml1/DTD/xhtml1-transitional.dtd">
<html xmlns="http://www.w3.org/1999/xhtml" xml:lang="en" lang="en">
 <head>
  <title>
</title>
<meta http-equiv="Content-Type" content="text/html;charset=utf-8" />
  <meta name='ocr-system' content='tesseract 3.04.00' />
  <meta name='ocr-capabilities' content='ocr_page ocr_carea ocr_par ocr_line ocrx_word'/>
</head>
<body>
  <div class='ocr_page' id='page_1' title='image "./greaterpoemsvir01kittgoog_0213.png"; bbox 0 0 2796 4287; ppageno 0'>
   <div class='ocr_carea' id='block_1_1' title="bbox 277 285 2362 373">
    <p class='ocr_par' dir='ltr' id='par_1_1' title="bbox 277 285 2362 373">
     <span class='ocr_line' id='line_1_1' title="bbox 277 285 2362 373; baseline 0.003 -24"><span class='ocrx_word' id='word_1_1' title='bbox 277 297 508 366; x_wconf 86' lang='lat'>63-103.]</span> <span class='ocrx_word' id='word_1_2' title='bbox 631 285 898 350; x_wconf 85' lang='lat' dir='ltr'>AEneas</span> <span class='ocrx_word' id='word_1_3' title='bbox 929 286 1001 351; x_wconf 81' lang='lat' dir='ltr'>in</span> <span class='ocrx_word' id='word_1_4' title='bbox 1039 288 1262 370; x_wconf 67' lang='lat' dir='ltr'>Sz&#39;cih‘.</span> <span class='ocrx_word' id='word_1_5' title='bbox 1375 289 1508 353; x_wconf 76' lang='lat' dir='ltr'>The</span> <span class='ocrx_word' id='word_1_6' title='bbox 1538 290 1834 355; x_wconf 83' lang='lat' dir='ltr'>Funeral</span> <span class='ocrx_word' id='word_1_7' title='bbox 1863 291 2125 355; x_wconf 86' lang='lat' dir='ltr'>Games.</span> <span class='ocrx_word' id='word_1_8' title='bbox 2242 308 2316 355; x_wconf 89' lang='lat'>12</span> <span class='ocrx_word' id='word_1_9' title='bbox 2326 309 2362 373; x_wconf 92' lang='lat'>3</span> 
     </span>
    </p>
   </div>
   <div class='ocr_carea' id='block_1_2' title="bbox 273 479 2369 1258">
    <p class='ocr_par' dir='ltr' id='par_1_2' title="bbox 277 479 1877 561">
     <span class='ocr_line' id='line_1_2' title="bbox 277 479 1877 561; baseline 0.004 -24"><span class='ocrx_word' id='word_1_10' title='bbox 277 480 591 557; x_wconf 84' lang='lat' dir='ltr'>amplexus</span> <span class='ocrx_word' id='word_1_11' title='bbox 621 479 865 558; x_wconf 87' lang='lat' dir='ltr'><strong>placide</strong></span> <span class='ocrx_word' id='word_1_12' title='bbox 894 480 1194 540; x_wconf 90' lang='lat' dir='ltr'>tumulum</span> <span class='ocrx_word' id='word_1_13' title='bbox 1218 481 1553 560; x_wconf 90' lang='lat' dir='ltr'>lapsusque</span> <span class='ocrx_word' id='word_1_14' title='bbox 1583 502 1693 561; x_wconf 92' lang='lat' dir='ltr'>per</span> <span class='ocrx_word' id='word_1_15' title='bbox 1722 503 1877 557; x_wconf 56' lang='lat' dir='ltr'>arasa,</span> 
     </span>
    </p>

    <p class='ocr_par' dir='ltr' id='par_1_3' title="bbox 277 580 1818 658">
     <span class='ocr_line' id='line_1_3' title="bbox 277 580 1818 658; baseline 0.003 -19"><span class='ocrx_word' id='word_1_16' title='bbox 277 581 590 640; x_wconf 91' lang='lat' dir='ltr'>caeruleae</span> <span class='ocrx_word' id='word_1_17' title='bbox 623 580 723 639; x_wconf 89' lang='lat' dir='ltr'>cui</span> <span class='ocrx_word' id='word_1_18' title='bbox 755 589 927 658; x_wconf 86' lang='lat' dir='ltr'>terga</span> <span class='ocrx_word' id='word_1_19' title='bbox 957 590 1159 654; x_wconf 91' lang='lat' dir='ltr'>notae,</span> <span class='ocrx_word' id='word_1_20' title='bbox 1193 582 1547 642; x_wconf 89' lang='lat' dir='ltr'>maculosus</span> <span class='ocrx_word' id='word_1_21' title='bbox 1577 593 1639 642; x_wconf 90' lang='lat' dir='ltr'>et</span> <span class='ocrx_word' id='word_1_22' title='bbox 1668 603 1818 643; x_wconf 89' lang='lat' dir='ltr'>auro</span> 
     </span>
    </p>

    <p class='ocr_par' dir='ltr' id='par_1_4' title="bbox 277 680 1901 759">
     <span class='ocr_line' id='line_1_4' title="bbox 277 680 1901 759; baseline 0.004 -21"><span class='ocrx_word' id='word_1_23' title='bbox 277 699 591 757; x_wconf 86' lang='lat' dir='ltr'>squamam</span> <span class='ocrx_word' id='word_1_24' title='bbox 625 680 998 741; x_wconf 86' lang='lat' dir='ltr'><strong>incendebat</strong></span> <span class='ocrx_word' id='word_1_25' title='bbox 1027 681 1245 759; x_wconf 85' lang='lat' dir='ltr'><strong>fulgor,</strong></span> <span class='ocrx_word' id='word_1_26' title='bbox 1278 700 1392 741; x_wconf 91' lang='lat' dir='ltr'>ceu</span> <span class='ocrx_word' id='word_1_27' title='bbox 1424 682 1694 743; x_wconf 89' lang='lat' dir='ltr'><strong>nubibus</strong></span> <span class='ocrx_word' id='word_1_28' title='bbox 1725 703 1901 744; x_wconf 86' lang='lat' dir='ltr'>arcus</span> 
     </span>
    </p>

    <p class='ocr_par' dir='ltr' id='par_1_5' title="bbox 274 779 1587 842">
     <span class='ocr_line' id='line_1_5' title="bbox 274 779 1587 842; baseline 0.002 -3"><span class='ocrx_word' id='word_1_29' title='bbox 274 781 430 841; x_wconf 88' lang='lat' dir='ltr'>mille</span> <span class='ocrx_word' id='word_1_30' title='bbox 461 782 610 841; x_wconf 93' lang='lat' dir='ltr'>iacit</span> <span class='ocrx_word' id='word_1_31' title='bbox 640 780 844 841; x_wconf 88' lang='lat' dir='ltr'>varios</span> <span class='ocrx_word' id='word_1_32' title='bbox 875 782 1137 840; x_wconf 88' lang='lat' dir='ltr'>adverso</span> <span class='ocrx_word' id='word_1_33' title='bbox 1167 779 1298 841; x_wconf 88' lang='lat' dir='ltr'>sole</span> <span class='ocrx_word' id='word_1_34' title='bbox 1329 783 1587 842; x_wconf 91' lang='lat' dir='ltr'>colores.</span> 
     </span>
    </p>

    <p class='ocr_par' dir='ltr' id='par_1_6' title="bbox 274 881 2369 1060">
     <span class='ocr_line' id='line_1_6' title="bbox 275 881 2369 967; baseline 0.002 -27"><span class='ocrx_word' id='word_1_35' title='bbox 275 881 591 959; x_wconf 86' lang='lat' dir='ltr'><strong>Obstipuit</strong></span> <span class='ocrx_word' id='word_1_36' title='bbox 620 881 756 941; x_wconf 89' lang='lat' dir='ltr'>visu</span> <span class='ocrx_word' id='word_1_37' title='bbox 788 884 1054 941; x_wconf 79' lang='lat' dir='ltr'>Aeneas,</span> <span class='ocrx_word' id='word_1_38' title='bbox 1149 881 1260 940; x_wconf 94' lang='lat' dir='ltr'><strong>Ille</strong></span> <span class='ocrx_word' id='word_1_39' title='bbox 1293 882 1537 959; x_wconf 87' lang='lat' dir='ltr'>agmine</span> <span class='ocrx_word' id='word_1_40' title='bbox 1570 884 1754 961; x_wconf 85' lang='lat' dir='ltr'><strong>longo</strong></span> <span class='ocrx_word' id='word_1_41' title='bbox 2304 915 2369 967; x_wconf 89' lang='lat'>90</span> 
     </span>
     <span class='ocr_line' id='line_1_7' title="bbox 274 980 1810 1060; baseline 0.003 -21"><span class='ocrx_word' id='word_1_42' title='bbox 274 983 520 1042; x_wconf 90' lang='lat' dir='ltr'>tandem</span> <span class='ocrx_word' id='word_1_43' title='bbox 550 981 712 1040; x_wconf 88' lang='lat' dir='ltr'><strong>inter</strong></span> <span class='ocrx_word' id='word_1_44' title='bbox 741 990 988 1058; x_wconf 89' lang='lat' dir='ltr'>pateras</span> <span class='ocrx_word' id='word_1_45' title='bbox 1010 990 1074 1040; x_wconf 90' lang='lat' dir='ltr'>et</span> <span class='ocrx_word' id='word_1_46' title='bbox 1108 980 1266 1041; x_wconf 88' lang='lat' dir='ltr'>levia</span> <span class='ocrx_word' id='word_1_47' title='bbox 1295 982 1521 1058; x_wconf 90' lang='lat' dir='ltr'>pocula</span> <span class='ocrx_word' id='word_1_48' title='bbox 1551 1001 1810 1060; x_wconf 87' lang='lat' dir='ltr'>serpens</span> 
     </span>
    </p>

    <p class='ocr_par' dir='ltr' id='par_1_7' title="bbox 273 1080 1691 1159">
     <span class='ocr_line' id='line_1_8' title="bbox 273 1080 1691 1159; baseline 0.002 -20"><span class='ocrx_word' id='word_1_49' title='bbox 273 1081 606 1158; x_wconf 87' lang='lat' dir='ltr'><strong>libavitque</strong></span> <span class='ocrx_word' id='word_1_50' title='bbox 637 1082 850 1159; x_wconf 89' lang='lat' dir='ltr'>dapes,</span> <span class='ocrx_word' id='word_1_51' title='bbox 883 1099 1217 1157; x_wconf 82' lang='lat' dir='ltr'>rursusque</span> <span class='ocrx_word' id='word_1_52' title='bbox 1247 1080 1537 1141; x_wconf 84' lang='lat' dir='ltr'>innoxius</span> <span class='ocrx_word' id='word_1_53' title='bbox 1568 1082 1691 1142; x_wconf 93' lang='lat' dir='ltr'>imo</span> 
     </span>
    </p>

    <p class='ocr_par' dir='ltr' id='par_1_8' title="bbox 275 1181 1710 1258">
     <span class='ocr_line' id='line_1_9' title="bbox 275 1181 1710 1258; baseline 0.003 -19"><span class='ocrx_word' id='word_1_54' title='bbox 275 1182 572 1242; x_wconf 88' lang='lat' dir='ltr'>successit</span> <span class='ocrx_word' id='word_1_55' title='bbox 601 1182 856 1254; x_wconf 89' lang='lat' dir='ltr'>tumulo,</span> <span class='ocrx_word' id='word_1_56' title='bbox 889 1190 952 1241; x_wconf 91' lang='lat' dir='ltr'>et</span> <span class='ocrx_word' id='word_1_57' title='bbox 982 1181 1243 1258; x_wconf 91' lang='lat' dir='ltr'>depasta</span> <span class='ocrx_word' id='word_1_58' title='bbox 1273 1181 1488 1241; x_wconf 87' lang='lat' dir='ltr'>altaria</span> <span class='ocrx_word' id='word_1_59' title='bbox 1520 1182 1710 1258; x_wconf 89' lang='lat' dir='ltr'><strong>liquit.</strong></span> 
     </span>
    </p>
   </div>
   <div class='ocr_carea' id='block_1_3' title="bbox 1849 1487 1857 2287">
    <p class='ocr_par' dir='ltr' id='par_1_9' title="bbox 1849 1487 1857 2287">
     <span class='ocr_line' id='line_1_10' title="bbox 1849 1487 1857 2287; baseline 0 0"><span class='ocrx_word' id='word_1_60' title='bbox 1849 1487 1857 2287; x_wconf 95' lang='lat' dir='ltr'> </span> 
     </span>
    </p>
   </div>
   <div class='ocr_carea' id='block_1_4' title="bbox 1823 1584 1829 2312">
    <p class='ocr_par' dir='ltr' id='par_1_10' title="bbox 1823 1584 1829 2312">
     <span class='ocr_line' id='line_1_11' title="bbox 1823 1584 1829 2312; baseline 0 0"><span class='ocrx_word' id='word_1_61' title='bbox 1823 1584 1829 2312; x_wconf 95' lang='lat' dir='ltr'> </span> 
     </span>
    </p>
   </div>
   <div class='ocr_carea' id='block_1_5' title="bbox 1797 1443 1803 2350">
    <p class='ocr_par' dir='ltr' id='par_1_11' title="bbox 1797 1443 1803 2350">
     <span class='ocr_line' id='line_1_12' title="bbox 1797 1443 1803 2350; baseline 0 0"><span class='ocrx_word' id='word_1_62' title='bbox 1797 1443 1803 2350; x_wconf 95' lang='lat' dir='ltr'> </span> 
     </span>
    </p>
   </div>
   <div class='ocr_carea' id='block_1_6' title="bbox 339 1360 1876 2676">
    <p class='ocr_par' dir='ltr' id='par_1_12' title="bbox 339 1360 1876 2676">
     <span class='ocr_line' id='line_1_13' title="bbox 339 1360 1876 2676; baseline 0 0"><span class='ocrx_word' id='word_1_63' title='bbox 339 1360 1876 2676; x_wconf 95' lang='lat' dir='ltr'> </span> 
     </span>
    </p>
   </div>
   <div class='ocr_carea' id='block_1_7' title="bbox 651 2727 1509 2775">
    <p class='ocr_par' dir='ltr' id='par_1_13' title="bbox 651 2727 1509 2775">
     <span class='ocr_line' id='line_1_14' title="bbox 651 2727 1509 2775; baseline 0.01 -8"><span class='ocrx_word' id='word_1_64' title='bbox 651 2727 866 2769; x_wconf 71' lang='lat' dir='ltr'>Sunnwr</span> <span class='ocrx_word' id='word_1_65' title='bbox 890 2729 1105 2772; x_wconf 61' lang='lat' dir='ltr'>Tasrmo</span> <span class='ocrx_word' id='word_1_66' title='bbox 1131 2742 1227 2772; x_wconf 70' lang='lat' dir='ltr'>‘rna</span> <span class='ocrx_word' id='word_1_67' title='bbox 1253 2732 1509 2775; x_wconf 60' lang='lat' dir='ltr'>Sacmmcn.</span> 
     </span>
    </p>
   </div>
   <div class='ocr_carea' id='block_1_8' title="bbox 265 2877 2365 3858">
    <p class='ocr_par' dir='ltr' id='par_1_14' title="bbox 273 2877 1895 2959">
     <span class='ocr_line' id='line_1_15' title="bbox 273 2877 1895 2959; baseline 0.003 -21"><span class='ocrx_word' id='word_1_68' title='bbox 273 2879 408 2938; x_wconf 91' lang='lat' dir='ltr'>Hoc</span> <span class='ocrx_word' id='word_1_69' title='bbox 439 2879 638 2956; x_wconf 89' lang='lat' dir='ltr'>magis</span> <span class='ocrx_word' id='word_1_70' title='bbox 671 2877 953 2956; x_wconf 90' lang='lat' dir='ltr'>inceptos</span> <span class='ocrx_word' id='word_1_71' title='bbox 982 2881 1246 2959; x_wconf 88' lang='lat' dir='ltr'><strong>genitori</strong></span> <span class='ocrx_word' id='word_1_72' title='bbox 1276 2883 1579 2943; x_wconf 90' lang='lat' dir='ltr'>instaurat</span> <span class='ocrx_word' id='word_1_73' title='bbox 1611 2885 1895 2957; x_wconf 81' lang='lat' dir='ltr'>honoreS,</span> 
     </span>
    </p>

    <p class='ocr_par' dir='ltr' id='par_1_15' title="bbox 266 2977 2364 3157">
     <span class='ocr_line' id='line_1_16' title="bbox 267 2977 2364 3067; baseline 0.004 -32"><span class='ocrx_word' id='word_1_74' title='bbox 267 2977 553 3054; x_wconf 89' lang='lat' dir='ltr'>incertus,</span> <span class='ocrx_word' id='word_1_75' title='bbox 585 2978 919 3057; x_wconf 86' lang='lat' dir='ltr'><strong>geniumne</strong></span> <span class='ocrx_word' id='word_1_76' title='bbox 949 2981 1067 3041; x_wconf 91' lang='lat' dir='ltr'><strong>loci</strong></span> <span class='ocrx_word' id='word_1_77' title='bbox 1100 2983 1479 3044; x_wconf 83' lang='lat' dir='ltr'>famulumne</span> <span class='ocrx_word' id='word_1_78' title='bbox 1511 2983 1784 3060; x_wconf 88' lang='lat' dir='ltr'>parentis</span> <span class='ocrx_word' id='word_1_79' title='bbox 2299 3013 2364 3067; x_wconf 78' lang='lat'>95</span> 
     </span>
     <span class='ocr_line' id='line_1_17' title="bbox 266 3079 1754 3157; baseline 0.003 -20"><span class='ocrx_word' id='word_1_80' title='bbox 266 3097 398 3139; x_wconf 89' lang='lat' dir='ltr'>esse</span> <span class='ocrx_word' id='word_1_81' title='bbox 428 3089 609 3157; x_wconf 92' lang='lat' dir='ltr'><strong>putet</strong></span> <span class='ocrx_word' id='word_1_82' title='bbox 640 3102 653 3139; x_wconf 75' lang='grc' dir='ltr'><strong><em>ε</em></strong></span> <span class='ocrx_word' id='word_1_83' title='bbox 698 3079 905 3139; x_wconf 90' lang='lat' dir='ltr'>caedit</span> <span class='ocrx_word' id='word_1_84' title='bbox 932 3080 1114 3141; x_wconf 89' lang='lat' dir='ltr'>binas</span> <span class='ocrx_word' id='word_1_85' title='bbox 1145 3083 1222 3142; x_wconf 92' lang='lat' dir='ltr'>de</span> <span class='ocrx_word' id='word_1_86' title='bbox 1253 3102 1421 3143; x_wconf 91' lang='lat' dir='ltr'>more</span> <span class='ocrx_word' id='word_1_87' title='bbox 1451 3083 1754 3155; x_wconf 81' lang='lat' dir='ltr'><strong>bidenteS,</strong></span> 
     </span>
    </p>

    <p class='ocr_par' dir='ltr' id='par_1_16' title="bbox 265 3180 1874 3261">
     <span class='ocr_line' id='line_1_18' title="bbox 265 3180 1874 3261; baseline 0.004 -24"><span class='ocrx_word' id='word_1_88' title='bbox 265 3188 476 3257; x_wconf 91' lang='lat' dir='ltr'><strong>totque</strong></span> <span class='ocrx_word' id='word_1_89' title='bbox 507 3198 672 3252; x_wconf 84' lang='lat' dir='ltr'>sueS,</span> <span class='ocrx_word' id='word_1_90' title='bbox 706 3180 966 3240; x_wconf 89' lang='lat' dir='ltr'>totidem</span> <span class='ocrx_word' id='word_1_91' title='bbox 997 3181 1303 3261; x_wconf 91' lang='lat' dir='ltr'>nigrantis</span> <span class='ocrx_word' id='word_1_92' title='bbox 1333 3194 1505 3261; x_wconf 86' lang='lat' dir='ltr'>terga</span> <span class='ocrx_word' id='word_1_93' title='bbox 1537 3184 1829 3244; x_wconf 89' lang='lat' dir='ltr'>iuvencos</span> <span class='ocrx_word' id='word_1_94' title='bbox 1860 3209 1874 3257; x_wconf 89' lang='grc'><strong>;</strong></span> 
     </span>
    </p>

    <p class='ocr_par' dir='ltr' id='par_1_17' title="bbox 266 3280 1864 3361">
     <span class='ocr_line' id='line_1_19' title="bbox 266 3280 1864 3361; baseline 0.003 -24"><span class='ocrx_word' id='word_1_95' title='bbox 266 3280 529 3357; x_wconf 86' lang='lat' dir='ltr'>vinaque</span> <span class='ocrx_word' id='word_1_96' title='bbox 561 3280 870 3340; x_wconf 83' lang='lat' dir='ltr'><strong>fundebat</strong></span> <span class='ocrx_word' id='word_1_97' title='bbox 899 3283 1145 3360; x_wconf 90' lang='lat' dir='ltr'>pateris,</span> <span class='ocrx_word' id='word_1_98' title='bbox 1181 3283 1571 3361; x_wconf 88' lang='lat' dir='ltr'>animamque</span> <span class='ocrx_word' id='word_1_99' title='bbox 1602 3285 1864 3344; x_wconf 88' lang='lat' dir='ltr'>vocabat</span> 
     </span>
    </p>

    <p class='ocr_par' dir='ltr' id='par_1_18' title="bbox 268 3381 1909 3459">
     <span class='ocr_line' id='line_1_20' title="bbox 268 3381 1909 3459; baseline 0.002 -20"><span class='ocrx_word' id='word_1_100' title='bbox 268 3381 578 3442; x_wconf 89' lang='lat' dir='ltr'>Anchisae</span> <span class='ocrx_word' id='word_1_101' title='bbox 609 3381 820 3459; x_wconf 88' lang='lat' dir='ltr'>magni</span> <span class='ocrx_word' id='word_1_102' title='bbox 854 3383 1185 3459; x_wconf 88' lang='lat' dir='ltr'>Manisque</span> <span class='ocrx_word' id='word_1_103' title='bbox 1217 3385 1571 3444; x_wconf 89' lang='lat' dir='ltr'><strong>Acheronte</strong></span> <span class='ocrx_word' id='word_1_104' title='bbox 1602 3384 1909 3444; x_wconf 82' lang='lat' dir='ltr'>remissos,</span> 
     </span>
    </p>

    <p class='ocr_par' dir='ltr' id='par_1_19' title="bbox 267 3480 2365 3661">
     <span class='ocr_line' id='line_1_21' title="bbox 270 3480 2365 3562; baseline 0.003 -23"><span class='ocrx_word' id='word_1_105' title='bbox 270 3482 395 3541; x_wconf 89' lang='lat' dir='ltr'>Nec</span> <span class='ocrx_word' id='word_1_106' title='bbox 426 3501 552 3542; x_wconf 91' lang='lat' dir='ltr'>non</span> <span class='ocrx_word' id='word_1_107' title='bbox 584 3492 650 3542; x_wconf 91' lang='lat' dir='ltr'>et</span> <span class='ocrx_word' id='word_1_108' title='bbox 680 3480 850 3555; x_wconf 88' lang='lat' dir='ltr'>socii,</span> <span class='ocrx_word' id='word_1_109' title='bbox 886 3502 1043 3559; x_wconf 90' lang='lat' dir='ltr'>quae</span> <span class='ocrx_word' id='word_1_110' title='bbox 1074 3483 1297 3560; x_wconf 87' lang='lat' dir='ltr'>cuique</span> <span class='ocrx_word' id='word_1_111' title='bbox 1328 3493 1425 3543; x_wconf 90' lang='lat' dir='ltr'>est</span> <span class='ocrx_word' id='word_1_112' title='bbox 1456 3485 1653 3562; x_wconf 87' lang='lat' dir='ltr'>copia,</span> <span class='ocrx_word' id='word_1_113' title='bbox 1687 3482 1831 3543; x_wconf 86' lang='lat' dir='ltr'>laeti</span> <span class='ocrx_word' id='word_1_114' title='bbox 2271 3511 2365 3547; x_wconf 89' lang='lat'>100</span> 
     </span>
     <span class='ocr_line' id='line_1_22' title="bbox 267 3582 1943 3661; baseline 0 -21"><span class='ocrx_word' id='word_1_115' title='bbox 267 3582 421 3642; x_wconf 91' lang='lat' dir='ltr'>dona</span> <span class='ocrx_word' id='word_1_116' title='bbox 448 3584 676 3656; x_wconf 83' lang='lat' dir='ltr'><strong>ferunt,</strong></span> <span class='ocrx_word' id='word_1_117' title='bbox 711 3592 970 3641; x_wconf 89' lang='lat' dir='ltr'>onerant</span> <span class='ocrx_word' id='word_1_118' title='bbox 1001 3602 1154 3655; x_wconf 89' lang='lat' dir='ltr'>aras,</span> <span class='ocrx_word' id='word_1_119' title='bbox 1188 3593 1584 3661; x_wconf 89' lang='lat' dir='ltr'>mactantque</span> <span class='ocrx_word' id='word_1_120' title='bbox 1616 3583 1943 3653; x_wconf 89' lang='lat' dir='ltr'>iuvencos;</span> 
     </span>
    </p>

    <p class='ocr_par' dir='ltr' id='par_1_20' title="bbox 267 3681 1766 3759">
     <span class='ocr_line' id='line_1_23' title="bbox 267 3681 1766 3759; baseline 0.001 -20"><span class='ocrx_word' id='word_1_121' title='bbox 267 3684 473 3744; x_wconf 85' lang='lat' dir='ltr'>ordine</span> <span class='ocrx_word' id='word_1_122' title='bbox 506 3686 669 3744; x_wconf 67' lang='lat' dir='ltr'>aena</span> <span class='ocrx_word' id='word_1_123' title='bbox 700 3681 908 3740; x_wconf 89' lang='lat' dir='ltr'>locant</span> <span class='ocrx_word' id='word_1_124' title='bbox 940 3682 1060 3755; x_wconf 91' lang='lat' dir='ltr'>alii,</span> <span class='ocrx_word' id='word_1_125' title='bbox 1092 3682 1340 3758; x_wconf 81' lang='lat' dir='ltr'>fusique</span> <span class='ocrx_word' id='word_1_126' title='bbox 1373 3702 1482 3759; x_wconf 89' lang='lat' dir='ltr'>per</span> <span class='ocrx_word' id='word_1_127' title='bbox 1512 3683 1766 3742; x_wconf 87' lang='lat' dir='ltr'>herbam</span> 
     </span>
    </p>

    <p class='ocr_par' dir='ltr' id='par_1_21' title="bbox 265 3780 1762 3858">
     <span class='ocr_line' id='line_1_24' title="bbox 265 3780 1762 3858; baseline 0.001 -17"><span class='ocrx_word' id='word_1_128' title='bbox 265 3783 574 3843; x_wconf 89' lang='lat' dir='ltr'><strong>subiciunt</strong></span> <span class='ocrx_word' id='word_1_129' title='bbox 605 3780 860 3842; x_wconf 87' lang='lat' dir='ltr'>veribus</span> <span class='ocrx_word' id='word_1_130' title='bbox 889 3799 1120 3858; x_wconf 91' lang='lat' dir='ltr'>prunas</span> <span class='ocrx_word' id='word_1_131' title='bbox 1150 3790 1213 3839; x_wconf 93' lang='lat' dir='ltr'>et</span> <span class='ocrx_word' id='word_1_132' title='bbox 1243 3780 1482 3841; x_wconf 87' lang='lat' dir='ltr'>viscera</span> <span class='ocrx_word' id='word_1_133' title='bbox 1510 3791 1762 3843; x_wconf 89' lang='lat' dir='ltr'>torrent.</span> 
     </span>
    </p>
   </div>
  </div>
 </body>
</html>
