2796 4287
412 283 496 365 56
1222 281 1355 344 lee
1401 282 1678 347 AEneid.
2207 295 2397 358 [Boox
2415 293 2489 347 11.

1002 554 1313 606 Appenance
1339 555 1391 595 of
1417 555 1601 596 Venus.

489 671 666 759 Talia
694 671 1020 744 iactabam,
1055 681 1116 731 et
1144 672 1367 730 furiata
1397 682 1604 731 mente
1633 673 1879 733 ferebar
1899 674 1947 754 z]

406 791 543 830 cum
573 771 723 830 mihi
755 790 822 831 se
855 791 980 830 non
1013 780 1154 830 ante
1185 770 1381 830 oculis
1412 781 1538 830 tam
1567 773 1750 846 clara,
1784 772 2113 833 videndam

403 870 626 931 obtulit
655 880 717 931 et
744 890 898 948 pura
935 890 1045 948 per
1075 880 1319 930 noctem
1351 870 1415 929 in
1446 872 1584 931 luce
1613 872 1854 932 refulsit
2392 887 2486 941 590

402 971 563 1029 alma
592 989 835 1048 parenS,
869 972 1157 1030 confessa
1188 971 1368 1030 deam
1402 971 1725 1050 qualisque
1754 973 1948 1033 videri

401 1069 710 1130 caelicolis
741 1079 805 1129 et
833 1081 1066 1147 quanta
1095 1071 1270 1144 solet,
1303 1072 1643 1149 dextraque
1670 1073 2043 1150 prehensum

400 1170 721 1244 continuit,
756 1189 1060 1249 roseoque
1090 1171 1246 1230 haec
1277 1171 1530 1249 insuper
1559 1173 1799 1233 addidit
1827 1192 1965 1232 ore:

400 1278 415 1305 ‘
435 1273 613 1344 Nate,
650 1271 787 1348 quis
819 1271 1152 1331 indomitas
1181 1280 1390 1331 tantus
1421 1272 1598 1331 dolor
1627 1272 1853 1332 excitat
1883 1273 2039 1334 iras?

399 1370 567 1444 Quid
588 1370 761 1444 furis,
795 1380 899 1430 aut
928 1390 1194 1447 quonam
1227 1371 1423 1431 nostri
1453 1371 1567 1431 tibi
1597 1391 1742 1431 cura
1772 1373 2071 1433 recessit?
2388 1387 2483 1442 595

399 1473 456 1529 N
461 1490 542 1529 on
573 1471 742 1548 prius
773 1471 1038 1548 aspicies
1067 1471 1174 1530 ubi
1201 1472 1437 1531 fessum
1467 1480 1669 1531 aetate
1697 1483 2011 1551 parentem

399 1570 648 1648 liqueris
679 1571 994 1630 Anchisen
1019 1595 1033 1643 3
1080 1581 1329 1648 superet
1359 1571 1708 1631 coniunxne
1740 1575 1990 1646 Cresssa,

398 1671 829 1748 Ascaniusque
859 1674 1051 1748 puer?
1140 1671 1317 1744 Quos
1347 1690 1564 1731 omnes
1599 1672 1873 1749 undique
1905 1674 2130 1733 Graiae

395 1771 625 1830 circum
655 1780 861 1830 errant
891 1770 1074 1844 acieS,
1107 1780 1190 1844 et,
1215 1771 1280 1830 ni
1310 1791 1449 1830 mea
1480 1790 1627 1830 cura
1656 1772 1919 1845 resistat,

396 1871 517 1929 iam
546 1871 828 1931 flammae
863 1871 1112 1931 tulerint
1143 1871 1429 1931 inimicus
1459 1882 1521 1931 et
1549 1872 1826 1933 hauserit
1854 1873 2040 1933 ensis.
2382 1891 2481 1941 600

396 1975 538 2032 Non
570 1973 684 2033 tibi
713 1975 1089 2053 Tyndaridis
1118 1976 1313 2035 facies
1342 1975 1544 2034 invisa
1575 1977 1900 2035 Lacaenae

395 2073 756 2150 culpatusve
790 2075 999 2135 Paris:
1046 2075 1253 2135 divom
1285 2075 1698 2150 inclementia,
1732 2076 1955 2150 divom,

392 2173 506 2233 has
537 2175 756 2235 evertit
784 2195 936 2253 opes
968 2177 1308 2254 sternitque
1341 2196 1378 2235 a
1409 2176 1674 2236 culmine
1705 2177 1972 2236 Troiam.

393 2273 623 2351 Aspice
645 2310 730 2319 —-
751 2295 1018 2354 namque
1048 2297 1312 2351 omnem,
1347 2296 1505 2356 quae
1536 2296 1701 2336 nunc
1732 2277 2003 2337 obducta
2033 2278 2228 2337 tuenti

392 2375 668 2434 mortalis
695 2376 951 2436 hebetat
979 2377 1149 2438 visus
1179 2377 1291 2436 tibi
1322 2387 1385 2437 et
1416 2376 1625 2436 umida
1653 2376 1880 2436 circum
2380 2377 2479 2444 605

391 2474 632 2552 caligat,
666 2476 892 2535 nubem
924 2477 1212 2554 eripiam3
1259 2486 1326 2536 tu
1355 2495 1435 2536 ne
1469 2496 1592 2553 qua
1624 2476 1900 2553 parentis

392 2573 559 2634 iussa
588 2575 752 2648 time,
787 2595 908 2635 neu
937 2576 1286 2653 praeceptis
1316 2595 1531 2654 parere
1561 2596 1812 2636 recusa:
1835 2612 1922 2622 —

388 2673 508 2747 hic,
542 2675 647 2734 ubi
676 2674 970 2736 disiectas
1000 2677 1192 2736 moles
1223 2677 1559 2754 avolsaque
1591 2677 1755 2737 saxis

390 2792 538 2833 saxa
566 2775 742 2836 vides
773 2776 1084 2853 mixtoque
1117 2777 1458 2836 undantem
1488 2777 1739 2854 pulvere
1769 2778 2025 2852 fumum,

390 2876 722 2953 Neptunus
751 2894 958 2936 muros
988 2895 1335 2953 magnoque
1366 2887 1571 2936 emota
1601 2876 1852 2936 tridenti
2379 2876 2479 2928 610

386 2973 794 3035 fundamenta
825 2975 1038 3053 quatit,
1073 2986 1388 3055 totamque
1421 2994 1457 3035 a
1488 2976 1742 3036 sedibus
1774 2977 1987 3036 urbem

319 3110 329 3118 ·
387 3073 579 3147 eruit;
624 3074 727 3134 hic
759 3077 918 3136 Iuno
953 3077 1182 3136 Scaeas
1213 3076 1576 3136 saevissima
1604 3086 1813 3153 portas

387 3174 582 3252 prima
611 3184 799 3250 tenet,
833 3176 1191 3254 sociumque
1221 3177 1434 3237 furens
1464 3196 1501 3234 a
1530 3177 1791 3236 navibus
1821 3196 2041 3253 agmen

385 3274 549 3334 ferro
577 3276 857 3336 accincta
885 3288 1083 3337 vocat.

390 3375 523 3433 Iam
554 3394 825 3436 summas
858 3396 1031 3436 arces
1062 3376 1360 3450 Tritonia,
1393 3377 1653 3454 respice,
1688 3376 1892 3435 Pallas
2377 3373 2477 3442 615

387 3473 631 3548 insedit,
665 3476 876 3536 nimbo
905 3477 1210 3554 effulgens
1240 3486 1302 3536 et
1331 3478 1623 3555 Gorgone
1653 3495 1856 3536 saeva.

389 3576 533 3653 Ipse
563 3585 741 3654 pater
771 3576 1009 3635 Danais
1041 3576 1280 3635 animos
1311 3576 1594 3653 viresque
1624 3577 1935 3635 secundas

388 3673 625 3747 sufficit,
661 3675 794 3752 ipse
826 3677 979 3736 deos
1011 3675 1072 3734 in
1106 3677 1402 3735 Dardana
1432 3676 1690 3735 suscitat
1720 3695 1903 3735 arma.

389 3774 588 3852 Eripe,
622 3783 784 3848 nate,
818 3777 1046 3854 fugam,
1079 3776 1387 3854 finemque
1420 3776 1664 3853 impone
1696 3775 1909 3835 labori.
