2796 4287
277 313 543 381 647-692.]
986 304 1118 368 The
1176 305 1334 369 Tale
1379 309 1463 389 of
1508 306 1690 389 Troy.
2297 327 2383 395 59

532 544 575 585 A
603 544 726 596 Siga
755 544 889 585 from
917 543 1004 584 the
1031 543 1178 586 Gods.
1246 545 1486 587 Anchises
1514 547 1663 588 Giveo
1691 548 1842 599 Way.

357 645 535 703 Talia
563 645 924 704 vociferans
953 646 1187 723 gemitu
1218 656 1449 705 tectum
1480 667 1660 706 omne
1691 650 1985 726 replebat,

279 762 417 802 cum
448 744 724 804 subitum
755 744 1056 821 dictuque
1087 746 1278 805 oritur
1309 747 1586 807 mirabile
1618 758 1976 809 monstrum.
2279 750 2379 801 680

283 845 559 920 Namque
591 863 820 904 manus
854 845 1012 904 inter
1043 856 1539 923 maestorumque
1571 867 1678 907 ora
1707 858 2029 925 parentum

284 961 420 1003 ecce
450 944 602 1004 levis
634 963 884 1003 summo
917 946 995 1003 de
1026 945 1254 1004 vertice
1285 946 1453 1005 visus
1486 947 1603 1005 Iuli

280 1042 528 1104 fundere
561 1045 778 1104 lumen
813 1063 988 1121 apex,
1023 1054 1316 1122 tactuque
1345 1046 1596 1105 innoxia
1627 1048 1829 1107 mollis

277 1141 535 1203 lambere
565 1143 830 1202 flamma
860 1162 1070 1203 comas
1101 1154 1163 1203 et
1194 1144 1423 1203 circum
1454 1155 1731 1223 tempora
1766 1147 1955 1224 pasci.

936 1693 940 1701 .

954 1825 1006 1839 la..

950 1943 980 1971 ar}¹
1018 1955 1022 1961 ¹
1069 1959 1090 1969 Γ
1110 1932 1142 1957 ,μ’

980 1971 986 1975 .
1028 1967 1060 1996 1,.-
1080 1975 1091 1987 ···

957 2053 964 2061 ,
1020 2045 1040 2057 ιι
1070 2039 1076 2059 ἰ

1086 2091 1090 2114 ,Ι

1010 2100 1054 2166 ἓ

968 2196 1016 2312 :w-

1020 2199 1102 2318 ''34'ss

1064 2452 1068 2465 -
1078 2404 1082 2420 ῃ
1014 2312 1082 2376 ᾳὲ,

1105 2949 1212 2991 Tun
1239 2949 1384 2990 anv
1412 2949 1568 2993 Omm-

291 3121 416 3181 Nos
445 3120 669 3199 pavidi
691 3118 1005 3197 trepidare
1035 3128 1220 3191 metu,
1254 3119 1608 3196 crinemque
1639 3120 1999 3198 flagrantem
2282 3120 2380 3186 685

289 3231 567 3281 excutere
599 3229 665 3281 et
695 3229 954 3279 sanctos
984 3218 1363 3297 restinguere
1393 3219 1671 3278 fontibus
1703 3220 1879 3297 ignis,

291 3323 370 3380 At
396 3332 569 3399 pater
600 3318 920 3381 Anchises
952 3318 1164 3378 oculos
1196 3319 1276 3377 ad
1308 3318 1511 3379 sidera
1540 3319 1738 3379 laetus

290 3423 511 3497 extulit,
545 3432 610 3483 et
640 3421 822 3481 caelo
854 3418 1094 3496 palmas
1126 3438 1264 3477 cum
1295 3439 1448 3478 voce
1477 3420 1779 3479 tetendit:

366 3519 382 3546 “
401 3523 682 3603 Iuppiter
713 3519 1134 3596 omnipotenS‚
1169 3519 1456 3596 precibus
1489 3518 1539 3579 si
1571 3520 1835 3579 flecteris
1867 3520 2024 3594 ullis,

287 3622 484 3701 aspice
515 3645 670 3698 nos;
719 3622 848 3681 hoc
879 3626 1137 3690 tantum,
1172 3628 1250 3691 et,
1286 3620 1335 3678 si
1367 3618 1598 3696 pietate
1630 3638 1946 3692 meremur,
2225 3655 2230 3659 -
2283 3620 2383 3684 690

284 3721 359 3783 da
386 3725 610 3787 deinde
644 3720 973 3789 auxilium,
1008 3728 1195 3794 pater,
1232 3728 1416 3794 atque
1447 3718 1603 3777 haec
1636 3718 1840 3776 omina
1870 3719 2082 3776 firma.’

278 3825 388 3888 vix
416 3849 490 3889 ea
518 3828 696 3888 fatus
729 3828 874 3882 erat
906 3816 1129 3891 senior,
1164 3818 1493 3895 subitoque
1520 3819 1764 3894 fragore
