2796 4287
300 307 573 374 740-800.]
1027 297 1088 360 Τ
1077 302 1156 360 lte
1217 297 1375 363 Tale
1422 300 1505 382 qs
1550 297 1733 380 Troy.

306 490 686 568 nequiquam
714 489 1110 568 ingeminans
1140 489 1483 566 iterumque
1514 489 1858 566 iterumque
1887 489 2119 549 vocavi.

309 589 653 664 Quaerenti
683 600 745 649 et
777 589 961 649 tectis
991 588 1160 649 urbis
1191 589 1327 650 sine
1355 590 1479 650 fine
1512 589 1743 648 furenti

310 689 524 748 infelix
554 690 953 749 simulacrum
984 699 1170 767 atque
1201 689 1394 766 ipsius
1425 690 1641 749 umbra
1672 692 1943 749 Creiisae

309 789 442 849 visa
470 789 626 848 mihi
655 799 802 849 ante
833 789 1047 849 oculos
1071 799 1133 849 et
1163 799 1313 849 nota
1343 789 1536 848 maior
1564 789 1786 867 imago.

312 889 626 968 Obstipui,
660 898 1086 967 steteruntque
1118 909 1331 949 comae
1364 899 1426 948 et
1456 909 1576 949 vox
1604 890 1890 949 faucibus
1920 888 2138 949 haesit.

315 991 510 1071 [Tum
543 990 635 1050 sic
665 990 866 1050 adfari
895 999 958 1050 et
987 1009 1166 1049 curas
1195 989 1294 1049 his
1325 990 1571 1050 demere
1603 989 1788 1049 dictis
1810 990 1858 1070 :]

314 1089 328 1113 “
349 1091 521 1164 Quid
548 1100 791 1150 tantum
823 1090 1045 1150 insano
1076 1089 1242 1148 iuvat
1273 1089 1592 1167 indulgere
1624 1089 1837 1161 dolori,

315 1191 371 1250 O
402 1190 605 1250 dulcis
636 1189 948 1250 coniunx?
1038 1192 1095 1248 N
1100 1209 1177 1248 on
1212 1190 1366 1248 haec
1396 1189 1531 1249 sine
1563 1190 1812 1248 numine
1844 1190 2049 1248 divom

316 1290 646 1364 eveniunt;
693 1310 811 1350 nec
841 1299 901 1350 te
931 1290 1077 1349 hinc
1107 1290 1396 1350 comitem
1427 1300 1743 1367 asportare
1782 1291 2075 1349 Creusam

315 1392 428 1463 fas,
464 1399 572 1449 aut
601 1390 704 1450 ille
736 1389 884 1450 sinit
914 1389 1119 1467 superi
1151 1399 1443 1468 regnator
1471 1390 1736 1469 Olympi.

320 1493 536 1568 Longa
566 1490 682 1549 tibi
712 1490 946 1563 exsilia,
983 1500 1045 1550 et
1073 1500 1317 1550 vastum
1349 1490 1535 1549 maris
1568 1509 1799 1566 aequor
1829 1489 2143 1560 arandum,

318 1602 377 1651 et
407 1600 636 1651 terram
670 1589 1042 1668 Hesperiam
1073 1590 1303 1663 venies,
1338 1591 1444 1650 ubi
1475 1589 1708 1669 Lydius
1739 1608 1883 1647 arva

314 1693 478 1751 inter
508 1690 715 1769 opima
744 1691 940 1750 virum
970 1690 1097 1749 leni
1128 1690 1264 1749 fluit
1295 1691 1537 1768 agmine
1568 1689 1870 1768 Thybris;

314 1790 441 1850 illic
472 1810 572 1850 res
603 1790 803 1850 laetae
835 1809 1215 1869 regnumque
1247 1800 1308 1851 et
1338 1791 1507 1868 regia
1538 1790 1805 1849 coniunx

309 1902 496 1971 parta
524 1891 656 1950 tibi.
748 1891 1066 1950 Lacrimas
1098 1891 1362 1951 dilectae
1391 1890 1551 1967 pelle
1583 1892 1873 1951 Creiisae.

311 1995 465 2054 Non
498 2011 614 2070 ego
646 1991 1108 2070 Myrmidonum
1140 1992 1325 2051 sedes
1358 1992 1748 2067 Dolopumve
1780 1991 2079 2066 superbas

310 2093 636 2170 aspiciam,
670 2102 776 2152 aut
807 2091 1014 2152 Graiis
1049 2092 1340 2152 servitum
1369 2090 1669 2150 matribus
1701 2089 1821 2163 ibe,

312 2192 654 2267 DardaniS,
687 2202 751 2252 et
780 2193 960 2253 divae
995 2193 1258 2252 Veneris
1290 2211 1497 2251 nuruS.

313 2296 443 2356 Sed
476 2313 575 2353 me
607 2312 831 2372 magna
860 2294 1046 2353 deum
1074 2292 1354 2371 genetrix
1383 2292 1481 2352 his
1512 2292 1749 2352 detinet
1779 2292 1936 2351 oris:

312 2396 567 2471 iamque
596 2395 752 2468 vale,
786 2403 849 2454 et
878 2394 1008 2453 nati
1042 2412 1218 2452 serva
1249 2392 1593 2451 communis
1624 2393 1930 2450 amorem.'

316 2499 501 2557 Haec
532 2495 641 2555 ubi
671 2494 842 2554 dicta
870 2494 1061 2566 dedit,
1098 2493 1520 2552 lacrimantem
1551 2501 1611 2550 et
1642 2492 1832 2550 multa
1863 2492 2169 2551 volentem

314 2598 523 2657 dicere
556 2594 849 2667 deseruit,
882 2593 1213 2672 tenuisque
1246 2592 1504 2652 recessit
1535 2592 1597 2650 in
1635 2611 1831 2651 auras.

314 2698 438 2757 Ter
470 2704 738 2754 conatus
769 2693 857 2752 ibi
887 2694 1046 2753 collo
1077 2693 1225 2753 dare
1257 2693 1548 2753 bracchia
1579 2692 1840 2751 circum:

315 2806 402 2856 ter
432 2797 675 2855 frustra
698 2812 1065 2870 comprensa
1095 2812 1318 2853 manus
1349 2792 1566 2871 effugit
1597 2793 1816 2870 imag0,

316 2915 422 2972 par
450 2894 699 2956 levibus
731 2893 936 2952 ventis
966 2894 1320 2970 volucrique
1352 2892 1661 2953 simillima
1693 2912 1928 2952 somne.

826 3168 1043 3218 Meeting
1070 3166 1121 3208 οἱ
1147 3167 1232 3207 the
1260 3164 1531 3216 Fugitives.

403 3308 504 3368 Sic
534 3309 792 3368 demum
825 3303 1027 3364 socios
1061 3310 1429 3378 consumpta
1459 3307 1643 3359 nocte
1673 3295 1891 3355 reviso,

324 3408 524 3485 Atque
554 3407 660 3466 hic
694 3405 1011 3482 ingentem
1044 3401 1333 3484 comitum
1367 3398 1698 3460 adfluxisse
1731 3412 2027 3454 novorum

322 3505 567 3568 invenio
598 3504 919 3567 admirans
951 3521 1288 3575 numerum,
1323 3511 1673 3575 matresque
1705 3496 2008 3569 virosque,

321 3607 641 3667 collectam
676 3603 897 3665 exsilio
927 3605 1171 3680 pubem,
1205 3599 1552 3660 miserabile
1583 3597 1817 3674 volgus.

324 3703 615 3784 Undique
652 3722 1022 3777 convenere,
1058 3702 1278 3761 animis
1310 3701 1655 3778 opibusque
1686 3686 1901 3772 parati,

323 3800 384 3859 in
410 3821 841 3880 quascumque
872 3801 1052 3861 velim
1084 3801 1302 3877 pelago
1333 3799 1636 3858 deducere
1669 3804 1876 3853 terraS.

2310 501 2407 549 77Ο

2312 1002 2406 1052 775

2315 1487 2412 1548 780

2318 1988 2414 2055 785

2319 2505 2416 2554 790

2321 3305 2417 3358 795
