2796 4287
399 302 483 368 50
970 355 974 360 ,
1211 286 1342 349 The
1387 286 1668 350 AEneid.

395 481 538 538 Non
571 478 710 538 tulit
738 478 899 537 hanc
929 478 1201 557 speciem
1228 478 1455 538 furiata
1484 488 1692 538 mente
1724 480 2063 554 Coroebus,

337 633 341 637 ,
393 587 455 637 et
485 596 624 638 sese
654 577 922 637 medium
954 578 1164 638 iniecit
1193 578 1500 655 periturus
1530 578 1594 637 in
1626 598 1865 657 agmen.

394 676 847 754 Consequimur
876 677 1082 736 cuncti
1113 686 1175 736 et
1205 677 1419 738 densis
1448 678 1815 738 incurrimus
1845 679 2046 739 armis.

689 908 793 950 The
819 909 1026 960 'ri-ojan-
1051 909 1279 951 Assailed
1305 910 1369 960 by
1397 910 1527 951 their
1552 911 1772 952 Friendn.

397 1030 403 1035 ’
477 1027 601 1087 Hic
631 1027 891 1105 primum
923 1047 999 1087 ex
1028 1027 1153 1087 alto
1185 1028 1427 1087 delubri
1458 1028 1722 1088 culmine
1753 1029 1894 1089 telis

389 1136 736 1187 nostrorum
765 1126 1096 1201 obruimur,
1130 1127 1444 1205 oriturque
1475 1128 1813 1187 miserrima
1842 1130 2066 1189 caedes

389 1246 693 1286 armorum
721 1227 882 1286 facie
914 1236 976 1286 et
1007 1227 1332 1287 Graiarum
1363 1246 1566 1287 errore
1597 1228 1893 1288 iubarum.

387 1328 548 1385 Tum
580 1326 782 1385 Danai
812 1327 1046 1405 gemitu
1076 1337 1261 1406 atque
1293 1338 1542 1406 ereptae
1571 1328 1823 1406 virginis
1854 1328 1942 1387 ira

387 1425 659 1503 undique
690 1426 935 1486 collecti
965 1426 1284 1501 invadunt,
1318 1423 1649 1487 acerrimus
1679 1428 1856 1502 Aiax,

387 1536 449 1586 et
475 1525 704 1604 gemini
735 1526 1009 1600 Atridae,
1046 1527 1482 1605 Dolopumque
1512 1527 1816 1587 exercitus
1845 1528 2081 1601 omnis3

386 1625 630 1686 adversi
661 1636 841 1703 rupto
871 1646 983 1686 ceu
1015 1627 1330 1704 quondam
1358 1627 1604 1687 turbine
1635 1628 1802 1687 venti

385 1726 742 1804 confligunt,
773 1727 1210 1807 Zephyrusque
1241 1729 1569 1805 Notusque
1599 1737 1661 1787 et
1690 1728 1889 1789 laetus
1922 1728 2067 1789 Eois

388 1828 585 1886 Eurus
615 1826 791 1903 equis
818 1851 832 1900 ;
877 1826 1144 1906 stridunt
1175 1826 1384 1900 silvae,
1419 1827 1737 1905 saevitque
1767 1829 2017 1888 tridenti

385 1945 678 2003 spumeus
708 1936 892 2004 atque
924 1926 1045 1985 imo
1078 1929 1319 1986 Nereus
1351 1927 1474 1988 ciet
1505 1947 1774 2004 aequora
1802 1928 2014 1988 fundo.

387 2026 486 2084 Illi
515 2026 719 2100 etiam,
753 2026 806 2085 si
837 2046 994 2103 quos
1023 2027 1290 2087 obscura
1321 2037 1504 2087 nocte
1533 2047 1644 2104 per
1684 2029 1959 2088 umbram

381 2125 653 2186 fudimus
683 2125 925 2186 insidiis
955 2135 1211 2205 totaque
1243 2127 1609 2206 agitavimus
1639 2129 1807 2203 urbe,

384 2236 718 2303 apparent;
762 2227 941 2304 primi
971 2227 1206 2304 clipeos
1237 2228 1621 2306 mentitaque
1651 2231 1776 2289 tela

383 2327 789 2404 adgnoscunt,
823 2336 1008 2405 atque
1038 2347 1146 2386 ora
1175 2347 1330 2388 sono
1362 2329 1673 2389 discordia
1704 2329 1969 2408 signant.

385 2427 563 2487 Ilicet
590 2429 902 2488 obruimur
931 2450 1219 2505 numer03
1264 2431 1621 2510 primusque
1653 2433 1973 2493 Coroebus

384 2529 634 2588 Penelei
662 2529 877 2589 dextra
907 2530 1086 2590 divae
1118 2531 1547 2609 armipotentis
1580 2533 1661 2592 ad
1692 2552 1856 2591 aram

381 2628 762 2704 procumbit;
810 2630 978 2690 cadit
1007 2639 1069 2690 et
1101 2631 1401 2708 Rhipeus,
1437 2631 1807 2692 iustissimus
1837 2651 1998 2691 unus

381 2727 485 2803 qui
514 2728 632 2787 fuit
659 2729 722 2786 in
753 2730 1011 2789 Teucris
1042 2740 1105 2790 et
1137 2732 1638 2792 servantissimus
1670 2732 1886 2810 aequi:

379 2827 477 2887 dis
508 2828 682 2888 aliter
710 2829 942 2902 visum3
990 2841 1250 2907 pereunt
1286 2833 1697 2911 Hypanisque
1730 2835 2088 2912 Dymasque

380 2929 601 2986 confixi
632 2949 669 2987 a
699 2930 885 2989 sociis
904 2954 924 3003 ⁷3
972 2950 1087 2990 nec
1118 2942 1180 2991 te
1212 2941 1318 2991 tua
1347 2933 1626 3010 plurima,
1663 2934 1923 3005 Panthu,

380 3026 684 3087 labentem
718 3029 919 3106 pietas
949 3050 1065 3091 nec
1096 3032 1405 3109 Apollinis
1438 3033 1629 3091 infula
1658 3033 1826 3093 texit.

381 3127 554 3186 Iliaci
584 3128 822 3189 cineres
853 3141 915 3190 et
943 3131 1190 3190 flamma
1220 3143 1491 3192 extrema
1521 3152 1810 3207 meorum,

376 3235 587 3302 testor,
621 3228 684 3287 in
715 3249 942 3291 occasu
971 3241 1177 3291 vestro
1206 3251 1325 3291 nec
1356 3233 1481 3291 tela
1512 3252 1627 3293 nec
1657 3234 1812 3292 ullas

375 3325 664 3388 vitavisse
695 3330 862 3389 vices
895 3332 1197 3405 Danaum,
1233 3340 1310 3404 et,
1347 3331 1401 3392 si
1430 3332 1559 3392 fata
1588 3333 1854 3392 fuissent

376 3437 443 3487 ut
472 3429 772 3502 caderem,
807 3430 1103 3490 meruisse
1133 3449 1334 3490 manu.
1429 3432 1791 3495 Divellimur
1820 3432 1981 3504 inde,

378 3527 617 3605 Iphitus
648 3539 710 3589 et
741 3530 944 3589 Pelias
975 3550 1233 3604 mecum,
1270 3550 1527 3608 quorum
1561 3532 1805 3608 Iphitus
1836 3550 1991 3590 aevo

374 3626 495 3686 iam
523 3629 781 3706 gravior,
818 3630 1019 3690 Pelias
1050 3640 1113 3690 et
1142 3631 1392 3690 volnere
1425 3631 1638 3691 tardus
1670 3631 1875 3703 Ulixi;

373 3727 652 3803 protinus
683 3728 763 3788 ad
795 3729 977 3788 sedes
1011 3730 1235 3788 Priami
1265 3731 1533 3791 clamore
1564 3731 1784 3791 vocati.

2194 299 2383 366 [Boox
2407 301 2480 350 IL

2380 1045 2479 1091 410

2378 1543 2477 1597 415

2374 2044 2475 2090 420

2371 2546 2471 2599 425

2370 3046 2470 3097 430

2365 3545 2463 3597 435
