2796 4287
221 286 490 353 546-607·]
764 276 899 339 The
955 276 1386 360 Wanden'ngs
1435 279 1518 360 qf
1551 278 1834 341 AEneas.

221 468 398 546 erigit
429 476 750 541 eructans,
785 467 1246 545 liquefactaque
1278 488 1428 528 saxa
1458 470 1574 529 sub
1605 489 1784 529 auras

222 573 363 628 cum
390 567 637 646 gemitu
667 568 990 644 glomerat,
1023 567 1344 645 fundoque
1376 579 1695 629 exaestuat
1725 570 1866 629 imo.

226 671 418 729 Fama
447 651 561 728 est*
585 667 886 727 Enceladi
920 666 1284 728 semiustum
1314 669 1571 729 fulmine
1601 689 1823 746 corpus

225 769 471 847 urgueri
501 768 672 827 mole
702 769 836 841 hae,
876 767 1319 845 ingentemque
1352 769 1603 847 insuper
1632 773 1898 829 Aetnam

224 870 586 949 impositam
616 870 812 947 ruptis
846 869 1162 928 flammam
1195 870 1505 947 exspirare
1536 870 1825 943 caminis;

226 982 287 1030 et
311 972 561 1030 fessum
592 970 884 1046 quotiens
919 979 1117 1029 mutet
1148 970 1326 1043 latus,
1359 970 1685 1030 intremere
1716 989 1962 1029 omnem

229 1090 540 1131 murmure
572 1071 977 1143 Trinacriam,
1013 1081 1076 1129 et
1104 1071 1343 1131 caelum
1373 1071 1696 1130 subtexere
1725 1071 1915 1130 fumo.

230 1174 499 1231 Noctem
534 1171 705 1230 illam
736 1171 887 1231 tecti
919 1169 1090 1230 silvis
1121 1170 1414 1230 immania
1443 1181 1721 1230 monstra

229 1272 622 1348 perferimus,
656 1290 773 1331 nec
803 1289 971 1348 quae
1003 1271 1273 1331 sonitum
1303 1272 1411 1331 det
1441 1291 1630 1331 causa
1658 1272 1955 1331 videmus.

233 1375 392 1431 Nam
422 1390 634 1448 neque
664 1381 842 1432 erant
875 1381 1181 1430 astrorum
1212 1371 1405 1450 igneS,
1440 1391 1555 1431 nec
1585 1372 1827 1431 lucidus
1857 1371 2070 1431 aethra

232 1473 473 1533 siderea
503 1472 703 1549 poluS‚
736 1473 1010 1532 obscuro
1041 1473 1152 1532 sed
1183 1473 1393 1532 nubila
1423 1473 1614 1546 caele,

233 1582 293 1633 et
318 1573 534 1632 lunam
565 1572 631 1631 in
660 1572 879 1633 nimbo
910 1592 1036 1631 nox
1065 1572 1437 1649 intempesta
1465 1573 1734 1634 tenebat.

857 1754 966 1794 The
993 1753 1228 1795 Deserted
1255 1754 1426 1795 Greek.

317 1875 579 1935 Postera
607 1874 860 1950 iamque
894 1871 1030 1930 dies
1060 1872 1257 1948 primo
1288 1873 1583 1949 surgebat
1615 1875 1745 1933 Eoo

240 1984 673 2050 umentemque
705 1976 954 2032 Aurora
981 1972 1124 2048 polo
1155 1972 1496 2031 dimoverat
1527 1973 1803 2032 umbram
1828 1996 1842 2034 :

240 2094 370 2133 cum
399 2074 612 2134 subito
643 2092 679 2131 e
711 2073 905 2146 silviS,
941 2072 1135 2131 macie
1166 2073 1456 2132 confecta
1484 2092 1788 2151 suprema,

240 2175 426 2253 ignoti
458 2194 626 2235 nova
654 2174 860 2233 forma
887 2172 1001 2231 viri
1032 2174 1508 2250 miserandaque
1539 2175 1708 2234 cultu

239 2275 532 2352 procedit,
568 2275 960 2352 supplexque
991 2293 1211 2333 manus
1242 2274 1320 2333 ad
1350 2275 1530 2334 litora
1558 2276 1775 2334 tendit.

243 2375 632 2453 Respicimus
662 2397 675 2433 z
721 2373 858 2434 dira
888 2372 1150 2434 inluvies
1182 2374 1561 2450 inmissaque
1590 2375 1801 2448 barba,

242 2485 591 2535 consertum
621 2484 920 2552 tegumen
949 2473 1178 2550 spinis;
1224 2483 1287 2534 at
1315 2484 1521 2535 cetera
1551 2474 1792 2549 Graius,

244 2575 332 2655 [et
360 2573 684 2653 quondam
713 2572 932 2651 patriis
963 2573 1042 2632 ad
1073 2573 1323 2633 Troiam
1354 2573 1579 2634 missus
1610 2573 1671 2633 in
1705 2573 1933 2654 armis]

243 2676 424 2752 Isque
456 2674 568 2734 ubi
601 2672 959 2733 Dardanios
987 2673 1238 2732 habitus
1269 2683 1332 2733 et
1362 2674 1548 2733 Troia
1579 2674 1730 2733 vidit

243 2794 404 2835 arma
431 2775 672 2852 procul,
705 2772 957 2851 paulum
988 2782 1242 2850 aspectu
1273 2773 1640 2833 conterritus
1668 2774 1886 2849 haesit,

241 2875 669 2950 continuitque
697 2872 959 2951 gradum
984 2896 996 2945 3
1042 2892 1183 2932 mox
1212 2893 1348 2933 sese
1381 2873 1463 2932 ad
1492 2874 1670 2933 litora
1700 2894 1997 2952 praeceps

242 2994 372 3033 cum
400 2975 559 3034 fletu
587 2973 1002 3050 precibusque
1032 2973 1172 3032 tulit
1196 2996 1210 3033 z
1257 2970 1403 3033 ‘Per
1433 2973 1639 3033 sidera
1667 2983 1875 3047 testor,

241 3094 341 3150 per
369 3093 638 3152 superos
668 3082 856 3150 atque
885 3072 1007 3131 hoc
1037 3072 1191 3133 caeli
1223 3073 1514 3150 spirabile
1545 3075 1768 3147 lumen,

241 3175 427 3235 tollite
458 3194 578 3247 me,
614 3172 876 3246 Teucri,
923 3192 1344 3250 quascumque
1376 3174 1664 3233 abducite
1695 3184 1922 3246 terras;

242 3276 351 3335 hoc
382 3284 483 3335 sat
516 3274 649 3334 erit.
745 3273 886 3332 Scio
918 3292 1014 3332 me
1048 3273 1284 3333 Danais
1315 3293 1349 3332 e
1382 3274 1685 3332 classibus
1715 3293 1922 3347 unum,

242 3384 298 3434 et
323 3375 491 3435 bello
525 3374 756 3432 Iliacos
786 3373 986 3432 fateor
1014 3374 1244 3450 petisse
1277 3373 1566 3446 Penatis;

240 3495 344 3551 pro
374 3494 521 3553 quo,
556 3473 611 3533 si
641 3472 896 3532 sceleris
927 3481 1097 3532 tanta
1128 3484 1223 3532 est
1254 3473 1476 3532 iniuria
1506 3473 1717 3546 nostri,

242 3575 505 3654 spargite
536 3593 638 3633 me
669 3572 735 3631 in
765 3571 1007 3646 fluctus,
1039 3582 1339 3650 vastoque
1370 3572 1711 3650 immergite
1742 3583 1952 3650 ponto·

245 3676 300 3734 Si
327 3694 535 3753 pere0,
571 3672 900 3732 hominum
927 3674 1212 3732 manibus
1240 3672 1501 3750 periisse
1532 3673 1802 3733 iuvabit.’

246 3775 509 3846 Dixerat,
544 3782 609 3832 et
638 3789 850 3849 genua
879 3770 1194 3850 amplexus
1223 3773 1613 3850 genibusque
1643 3773 1931 3833 volutans

2247 1369 2343 1437 585

2249 2086 2343 2140 590

2248 2588 2342 2642 595
