<?xml version="1.0" encoding="UTF-8"?>
<!DOCTYPE html PUBLIC "-//W3C//DTD XHTML 1.0 Transitional//EN"
    "http://www.w3.org/TR/xhtml1/DTD/xhtml1-transitional.dtd">
<html xmlns="http://www.w3.org/1999/xhtml" xml:lang="en" lang="en">
 <head>
  <title>
</title>
<meta http-equiv="Content-Type" content="text/html;charset=utf-8" />
  <meta name='ocr-system' content='tesseract 3.04.00' />
  <meta name='ocr-capabilities' content='ocr_page ocr_carea ocr_par ocr_line ocrx_word'/>
</head>
<body>
  <div class='ocr_page' id='page_1' title='image "./greaterpoemsvir01kittgoog_0255.png"; bbox 0 0 2796 4287; ppageno 0'>
   <div class='ocr_carea' id='block_1_1' title="bbox 259 317 1671 397">
    <p class='ocr_par' dir='ltr' id='par_1_1' title="bbox 259 317 1671 397">
     <span class='ocr_line' id='line_1_1' title="bbox 259 317 1671 397; baseline 0.003 -19"><span class='ocrx_word' id='word_1_1' title='bbox 259 328 533 397; x_wconf 63' lang='lat'>126-189]</span> <span class='ocrx_word' id='word_1_2' title='bbox 967 317 1030 379; x_wconf 91' lang='lat' dir='ltr'><em>T</em></span> <span class='ocrx_word' id='word_1_3' title='bbox 1019 318 1099 382; x_wconf 80' lang='lat' dir='ltr'><strong>lte</strong></span> <span class='ocrx_word' id='word_1_4' title='bbox 1156 318 1383 382; x_wconf 86' lang='lat' dir='ltr'><strong>World</strong></span> <span class='ocrx_word' id='word_1_5' title='bbox 1422 317 1671 382; x_wconf 84' lang='lat' dir='ltr'><strong>Below.</strong></span> 
     </span>
    </p>
   </div>
   <div class='ocr_carea' id='block_1_2' title="bbox 251 508 1730 783">
    <p class='ocr_par' dir='ltr' id='par_1_2' title="bbox 251 508 1730 783">
     <span class='ocr_line' id='line_1_2' title="bbox 252 508 1730 570; baseline -0.001 0"><span class='ocrx_word' id='word_1_6' title='bbox 252 519 523 570; x_wconf 88' lang='lat' dir='ltr'><strong>eventus</strong></span> <span class='ocrx_word' id='word_1_7' title='bbox 554 508 767 570; x_wconf 90' lang='lat' dir='ltr'><strong>animo</strong></span> <span class='ocrx_word' id='word_1_8' title='bbox 797 528 1022 570; x_wconf 90' lang='lat' dir='ltr'><strong>secum.</strong></span> <span class='ocrx_word' id='word_1_9' title='bbox 1114 509 1232 570; x_wconf 91' lang='lat' dir='ltr'><strong>Cui</strong></span> <span class='ocrx_word' id='word_1_10' title='bbox 1261 509 1424 569; x_wconf 87' lang='lat' dir='ltr'><strong>fidus</strong></span> <span class='ocrx_word' id='word_1_11' title='bbox 1454 509 1730 570; x_wconf 87' lang='lat' dir='ltr'><strong>Achates</strong></span> 
     </span>
     <span class='ocr_line' id='line_1_3' title="bbox 251 607 1605 688; baseline 0.001 -20"><span class='ocrx_word' id='word_1_12' title='bbox 251 609 300 670; x_wconf 90' lang='lat' dir='ltr'><strong>it</strong></span> <span class='ocrx_word' id='word_1_13' title='bbox 328 628 567 683; x_wconf 81' lang='lat' dir='ltr'><strong>comeS,</strong></span> <span class='ocrx_word' id='word_1_14' title='bbox 603 620 666 670; x_wconf 88' lang='lat' dir='ltr'><strong>et</strong></span> <span class='ocrx_word' id='word_1_15' title='bbox 693 610 946 688; x_wconf 88' lang='lat' dir='ltr'><strong>paribus</strong></span> <span class='ocrx_word' id='word_1_16' title='bbox 977 607 1139 670; x_wconf 89' lang='lat' dir='ltr'><strong>curis</strong></span> <span class='ocrx_word' id='word_1_17' title='bbox 1168 609 1429 688; x_wconf 89' lang='lat' dir='ltr'><strong>vestigia</strong></span> <span class='ocrx_word' id='word_1_18' title='bbox 1457 609 1605 688; x_wconf 84' lang='lat' dir='ltr'><strong>figit.</strong></span> 
     </span>
     <span class='ocr_line' id='line_1_4' title="bbox 253 710 1678 783; baseline 0 -14"><span class='ocrx_word' id='word_1_19' title='bbox 253 711 467 771; x_wconf 87' lang='lat' dir='ltr'><strong>Multa</strong></span> <span class='ocrx_word' id='word_1_20' title='bbox 498 711 661 770; x_wconf 90' lang='lat' dir='ltr'><strong>inter</strong></span> <span class='ocrx_word' id='word_1_21' title='bbox 689 729 828 770; x_wconf 90' lang='lat' dir='ltr'><strong>sese</strong></span> <span class='ocrx_word' id='word_1_22' title='bbox 858 710 1027 770; x_wconf 85' lang='lat' dir='ltr'><strong>vario</strong></span> <span class='ocrx_word' id='word_1_23' title='bbox 1059 728 1342 771; x_wconf 86' lang='lat' dir='ltr'>sermone</span> <span class='ocrx_word' id='word_1_24' title='bbox 1372 711 1678 783; x_wconf 86' lang='lat' dir='ltr'><strong>serebant,</strong></span> 
     </span>
    </p>
   </div>
   <div class='ocr_carea' id='block_1_3' title="bbox 251 809 2172 888">
    <p class='ocr_par' dir='ltr' id='par_1_3' title="bbox 251 809 2172 888">
     <span class='ocr_line' id='line_1_5' title="bbox 251 809 2172 888; baseline -0.002 -17"><span class='ocrx_word' id='word_1_25' title='bbox 251 830 442 888; x_wconf 88' lang='lat' dir='ltr'><strong>quem</strong></span> <span class='ocrx_word' id='word_1_26' title='bbox 476 809 718 871; x_wconf 91' lang='lat' dir='ltr'><strong>socium</strong></span> <span class='ocrx_word' id='word_1_27' title='bbox 746 811 1090 870; x_wconf 82' lang='lat' dir='ltr'><strong>exanimem</strong></span> <span class='ocrx_word' id='word_1_28' title='bbox 1120 819 1313 885; x_wconf 77' lang='lat' dir='ltr'><strong>vateS,</strong></span> <span class='ocrx_word' id='word_1_29' title='bbox 1346 809 1513 887; x_wconf 90' lang='lat' dir='ltr'><strong>quod</strong></span> <span class='ocrx_word' id='word_1_30' title='bbox 1542 828 1766 887; x_wconf 88' lang='lat' dir='ltr'><strong>corpus</strong></span> <span class='ocrx_word' id='word_1_31' title='bbox 1796 809 2172 870; x_wconf 90' lang='lat' dir='ltr'><strong>humandum</strong></span> 
     </span>
    </p>
   </div>
   <div class='ocr_carea' id='block_1_4' title="bbox 247 909 2026 3191">
    <p class='ocr_par' dir='ltr' id='par_1_4' title="bbox 249 909 1795 987">
     <span class='ocr_line' id='line_1_6' title="bbox 249 909 1795 987; baseline 0.001 -17"><span class='ocrx_word' id='word_1_32' title='bbox 249 911 508 972; x_wconf 88' lang='lat' dir='ltr'><strong>diceret.</strong></span> <span class='ocrx_word' id='word_1_33' title='bbox 601 913 813 987; x_wconf 88' lang='lat' dir='ltr'><strong>Atque</strong></span> <span class='ocrx_word' id='word_1_34' title='bbox 843 909 931 969; x_wconf 92' lang='lat' dir='ltr'><strong>illi</strong></span> <span class='ocrx_word' id='word_1_35' title='bbox 965 911 1277 971; x_wconf 90' lang='lat' dir='ltr'><strong>Misenum</strong></span> <span class='ocrx_word' id='word_1_36' title='bbox 1308 910 1371 969; x_wconf 91' lang='lat' dir='ltr'><strong>in</strong></span> <span class='ocrx_word' id='word_1_37' title='bbox 1405 910 1580 970; x_wconf 89' lang='lat' dir='ltr'><strong>litore</strong></span> <span class='ocrx_word' id='word_1_38' title='bbox 1610 910 1795 982; x_wconf 90' lang='lat' dir='ltr'><strong>sicco,</strong></span> 
     </span>
    </p>

    <p class='ocr_par' dir='ltr' id='par_1_5' title="bbox 247 1010 1991 1785">
     <span class='ocr_line' id='line_1_7' title="bbox 250 1010 1794 1089; baseline -0.002 -18"><span class='ocrx_word' id='word_1_39' title='bbox 250 1021 316 1071; x_wconf 92' lang='lat' dir='ltr'><strong>ut</strong></span> <span class='ocrx_word' id='word_1_40' title='bbox 344 1030 604 1084; x_wconf 89' lang='lat' dir='ltr'><strong>venere,</strong></span> <span class='ocrx_word' id='word_1_41' title='bbox 637 1010 852 1070; x_wconf 88' lang='lat' dir='ltr'><strong>vident</strong></span> <span class='ocrx_word' id='word_1_42' title='bbox 881 1010 1138 1089; x_wconf 90' lang='lat' dir='ltr'><strong>indigna</strong></span> <span class='ocrx_word' id='word_1_43' title='bbox 1165 1021 1361 1072; x_wconf 88' lang='lat' dir='ltr'><strong>morte</strong></span> <span class='ocrx_word' id='word_1_44' title='bbox 1391 1020 1794 1089; x_wconf 87' lang='lat' dir='ltr'><strong>peremptum,</strong></span> 
     </span>
     <span class='ocr_line' id='line_1_8' title="bbox 252 1110 1875 1188; baseline -0.001 -18"><span class='ocrx_word' id='word_1_45' title='bbox 252 1112 581 1171; x_wconf 88' lang='lat' dir='ltr'><strong>Misenum</strong></span> <span class='ocrx_word' id='word_1_46' title='bbox 612 1110 936 1185; x_wconf 86' lang='lat' dir='ltr'><strong>Aeoliden,</strong></span> <span class='ocrx_word' id='word_1_47' title='bbox 971 1130 1094 1187; x_wconf 92' lang='lat' dir='ltr'><strong>quo</strong></span> <span class='ocrx_word' id='word_1_48' title='bbox 1123 1130 1247 1172; x_wconf 89' lang='lat' dir='ltr'><strong>non</strong></span> <span class='ocrx_word' id='word_1_49' title='bbox 1277 1110 1691 1188; x_wconf 85' lang='lat' dir='ltr'><strong>praestantior</strong></span> <span class='ocrx_word' id='word_1_50' title='bbox 1720 1111 1875 1170; x_wconf 89' lang='lat' dir='ltr'><strong>alter</strong></span> 
     </span>
     <span class='ocr_line' id='line_1_9' title="bbox 251 1210 1836 1289; baseline -0.001 -20"><span class='ocrx_word' id='word_1_51' title='bbox 251 1231 391 1272; x_wconf 87' lang='lat' dir='ltr'><strong>aere</strong></span> <span class='ocrx_word' id='word_1_52' title='bbox 424 1212 596 1271; x_wconf 90' lang='lat' dir='ltr'><strong>ciere</strong></span> <span class='ocrx_word' id='word_1_53' title='bbox 627 1210 807 1285; x_wconf 88' lang='lat' dir='ltr'><strong>viros,</strong></span> <span class='ocrx_word' id='word_1_54' title='bbox 844 1212 1232 1289; x_wconf 89' lang='lat' dir='ltr'><strong>Martemque</strong></span> <span class='ocrx_word' id='word_1_55' title='bbox 1263 1212 1605 1271; x_wconf 88' lang='lat' dir='ltr'><strong>accendere</strong></span> <span class='ocrx_word' id='word_1_56' title='bbox 1635 1220 1836 1269; x_wconf 89' lang='lat' dir='ltr'><strong>cantu.</strong></span> 
     </span>
     <span class='ocr_line' id='line_1_10' title="bbox 252 1310 1991 1388; baseline -0.001 -18"><span class='ocrx_word' id='word_1_57' title='bbox 252 1311 562 1373; x_wconf 89' lang='lat' dir='ltr'><strong>Hectoris</strong></span> <span class='ocrx_word' id='word_1_58' title='bbox 591 1310 694 1370; x_wconf 92' lang='lat' dir='ltr'><strong>hic</strong></span> <span class='ocrx_word' id='word_1_59' title='bbox 722 1310 929 1388; x_wconf 88' lang='lat' dir='ltr'><strong>magni</strong></span> <span class='ocrx_word' id='word_1_60' title='bbox 958 1311 1160 1371; x_wconf 81' lang='lat' dir='ltr'><strong>fuerat</strong></span> <span class='ocrx_word' id='word_1_61' title='bbox 1190 1331 1417 1384; x_wconf 90' lang='lat' dir='ltr'><strong>comes,</strong></span> <span class='ocrx_word' id='word_1_62' title='bbox 1454 1313 1733 1370; x_wconf 88' lang='lat' dir='ltr'><strong>Hectora</strong></span> <span class='ocrx_word' id='word_1_63' title='bbox 1762 1311 1991 1369; x_wconf 88' lang='lat' dir='ltr'><strong>circum</strong></span> 
     </span>
     <span class='ocr_line' id='line_1_11' title="bbox 249 1410 1650 1489; baseline -0.001 -17"><span class='ocrx_word' id='word_1_64' title='bbox 249 1421 311 1472; x_wconf 92' lang='lat' dir='ltr'><strong>et</strong></span> <span class='ocrx_word' id='word_1_65' title='bbox 338 1412 502 1472; x_wconf 93' lang='lat' dir='ltr'><strong>lituo</strong></span> <span class='ocrx_word' id='word_1_66' title='bbox 534 1429 780 1488; x_wconf 88' lang='lat' dir='ltr'><strong>pugnas</strong></span> <span class='ocrx_word' id='word_1_67' title='bbox 809 1410 1072 1489; x_wconf 87' lang='lat' dir='ltr'><strong>insignis</strong></span> <span class='ocrx_word' id='word_1_68' title='bbox 1101 1411 1318 1472; x_wconf 90' lang='lat' dir='ltr'><strong>obibat</strong></span> <span class='ocrx_word' id='word_1_69' title='bbox 1346 1421 1410 1472; x_wconf 92' lang='lat' dir='ltr'><strong>et</strong></span> <span class='ocrx_word' id='word_1_70' title='bbox 1438 1412 1650 1472; x_wconf 83' lang='lat' dir='ltr'><strong>hasta:</strong></span> 
     </span>
     <span class='ocr_line' id='line_1_12' title="bbox 247 1511 1822 1589; baseline -0.003 -17"><span class='ocrx_word' id='word_1_71' title='bbox 247 1523 594 1589; x_wconf 86' lang='lat' dir='ltr'><strong>postquam</strong></span> <span class='ocrx_word' id='word_1_72' title='bbox 625 1511 795 1569; x_wconf 90' lang='lat' dir='ltr'><strong>illum</strong></span> <span class='ocrx_word' id='word_1_73' title='bbox 826 1511 954 1571; x_wconf 90' lang='lat' dir='ltr'><strong>vita</strong></span> <span class='ocrx_word' id='word_1_74' title='bbox 982 1511 1178 1572; x_wconf 88' lang='lat' dir='ltr'><strong>victor</strong></span> <span class='ocrx_word' id='word_1_75' title='bbox 1207 1512 1496 1589; x_wconf 87' lang='lat' dir='ltr'><strong>spoliavit</strong></span> <span class='ocrx_word' id='word_1_76' title='bbox 1526 1511 1822 1583; x_wconf 87' lang='lat' dir='ltr'><strong>Achilles,</strong></span> 
     </span>
     <span class='ocr_line' id='line_1_13' title="bbox 252 1611 1652 1672; baseline -0.001 0"><span class='ocrx_word' id='word_1_77' title='bbox 252 1611 586 1672; x_wconf 90' lang='lat' dir='ltr'><strong>Dardanio</strong></span> <span class='ocrx_word' id='word_1_78' title='bbox 616 1613 870 1671; x_wconf 88' lang='lat' dir='ltr'><strong>Aeneae</strong></span> <span class='ocrx_word' id='word_1_79' title='bbox 899 1629 1038 1671; x_wconf 90' lang='lat' dir='ltr'><strong>sese</strong></span> <span class='ocrx_word' id='word_1_80' title='bbox 1066 1611 1441 1672; x_wconf 81' lang='lat' dir='ltr'><strong>fortissimus</strong></span> <span class='ocrx_word' id='word_1_81' title='bbox 1469 1611 1652 1670; x_wconf 89' lang='lat' dir='ltr'><strong>heros</strong></span> 
     </span>
     <span class='ocr_line' id='line_1_14' title="bbox 251 1711 1653 1785; baseline 0 -14"><span class='ocrx_word' id='word_1_82' title='bbox 251 1713 590 1773; x_wconf 89' lang='lat' dir='ltr'><strong>addiderat</strong></span> <span class='ocrx_word' id='word_1_83' title='bbox 620 1711 872 1785; x_wconf 90' lang='lat' dir='ltr'><strong>socium,</strong></span> <span class='ocrx_word' id='word_1_84' title='bbox 907 1731 1033 1771; x_wconf 92' lang='lat' dir='ltr'><strong>non</strong></span> <span class='ocrx_word' id='word_1_85' title='bbox 1066 1711 1355 1771; x_wconf 87' lang='lat' dir='ltr'><strong>inferiora</strong></span> <span class='ocrx_word' id='word_1_86' title='bbox 1385 1722 1653 1771; x_wconf 75' lang='lat' dir='ltr'><strong>secutus,</strong></span> 
     </span>
    </p>

    <p class='ocr_par' dir='ltr' id='par_1_6' title="bbox 250 1811 2026 2189">
     <span class='ocr_line' id='line_1_15' title="bbox 253 1811 2026 1888; baseline -0.002 -15"><span class='ocrx_word' id='word_1_87' title='bbox 253 1814 377 1873; x_wconf 90' lang='lat' dir='ltr'><strong>Sed</strong></span> <span class='ocrx_word' id='word_1_88' title='bbox 408 1823 569 1884; x_wconf 87' lang='lat' dir='ltr'><strong>tum,</strong></span> <span class='ocrx_word' id='word_1_89' title='bbox 601 1811 762 1871; x_wconf 83' lang='lat' dir='ltr'><strong>forte</strong></span> <span class='ocrx_word' id='word_1_90' title='bbox 794 1830 945 1871; x_wconf 89' lang='lat' dir='ltr'><strong>cava</strong></span> <span class='ocrx_word' id='word_1_91' title='bbox 975 1811 1120 1870; x_wconf 90' lang='lat' dir='ltr'><strong>dum</strong></span> <span class='ocrx_word' id='word_1_92' title='bbox 1151 1821 1445 1888; x_wconf 87' lang='lat' dir='ltr'><strong>personat</strong></span> <span class='ocrx_word' id='word_1_93' title='bbox 1473 1830 1742 1887; x_wconf 86' lang='lat' dir='ltr'><strong>aequora</strong></span> <span class='ocrx_word' id='word_1_94' title='bbox 1771 1812 2026 1882; x_wconf 91' lang='lat' dir='ltr'><strong>concha,</strong></span> 
     </span>
     <span class='ocr_line' id='line_1_16' title="bbox 250 1910 1749 1985; baseline -0.003 -12"><span class='ocrx_word' id='word_1_95' title='bbox 250 1914 538 1985; x_wconf 83' lang='lat' dir='ltr'><strong>demenS,</strong></span> <span class='ocrx_word' id='word_1_96' title='bbox 571 1921 634 1971; x_wconf 90' lang='lat' dir='ltr'><strong>et</strong></span> <span class='ocrx_word' id='word_1_97' title='bbox 664 1920 848 1971; x_wconf 90' lang='lat' dir='ltr'><strong>cantu</strong></span> <span class='ocrx_word' id='word_1_98' title='bbox 880 1921 1061 1971; x_wconf 87' lang='lat' dir='ltr'><strong>vocat</strong></span> <span class='ocrx_word' id='word_1_99' title='bbox 1091 1910 1152 1969; x_wconf 90' lang='lat' dir='ltr'><strong>in</strong></span> <span class='ocrx_word' id='word_1_100' title='bbox 1185 1911 1525 1970; x_wconf 86' lang='lat' dir='ltr'><strong>certamina</strong></span> <span class='ocrx_word' id='word_1_101' title='bbox 1554 1911 1749 1982; x_wconf 85' lang='lat' dir='ltr'><strong>divos,</strong></span> 
     </span>
     <span class='ocr_line' id='line_1_17' title="bbox 251 2011 1963 2089; baseline -0.002 -15"><span class='ocrx_word' id='word_1_102' title='bbox 251 2015 542 2074; x_wconf 88' lang='lat' dir='ltr'><strong>aemulus</strong></span> <span class='ocrx_word' id='word_1_103' title='bbox 573 2019 899 2089; x_wconf 85' lang='lat' dir='ltr'><strong>exceptum</strong></span> <span class='ocrx_word' id='word_1_104' title='bbox 929 2011 1167 2085; x_wconf 90' lang='lat' dir='ltr'><strong>Triton,</strong></span> <span class='ocrx_word' id='word_1_105' title='bbox 1200 2011 1251 2071; x_wconf 90' lang='lat' dir='ltr'><strong>si</strong></span> <span class='ocrx_word' id='word_1_106' title='bbox 1284 2011 1534 2070; x_wconf 89' lang='lat' dir='ltr'><strong>credere</strong></span> <span class='ocrx_word' id='word_1_107' title='bbox 1565 2011 1818 2088; x_wconf 90' lang='lat' dir='ltr'><strong>dignum</strong></span> <span class='ocrx_word' id='word_1_108' title='bbox 1849 2020 1963 2082; x_wconf 91' lang='lat' dir='ltr'><strong>est,</strong></span> 
     </span>
     <span class='ocr_line' id='line_1_18' title="bbox 250 2110 1753 2189; baseline 0 -18"><span class='ocrx_word' id='word_1_109' title='bbox 250 2113 408 2174; x_wconf 90' lang='lat' dir='ltr'><strong>inter</strong></span> <span class='ocrx_word' id='word_1_110' title='bbox 438 2131 602 2175; x_wconf 82' lang='lat' dir='ltr'><strong>saxa</strong></span> <span class='ocrx_word' id='word_1_111' title='bbox 633 2111 826 2173; x_wconf 87' lang='lat' dir='ltr'><strong>virum</strong></span> <span class='ocrx_word' id='word_1_112' title='bbox 858 2129 1148 2189; x_wconf 89' lang='lat' dir='ltr'><strong>spumosa</strong></span> <span class='ocrx_word' id='word_1_113' title='bbox 1177 2110 1541 2171; x_wconf 89' lang='lat' dir='ltr'><strong>inmerserat</strong></span> <span class='ocrx_word' id='word_1_114' title='bbox 1570 2111 1753 2171; x_wconf 89' lang='lat' dir='ltr'><strong>unda.</strong></span> 
     </span>
    </p>

    <p class='ocr_par' dir='ltr' id='par_1_7' title="bbox 252 2212 1961 3191">
     <span class='ocr_line' id='line_1_19' title="bbox 334 2212 1961 2293; baseline -0.002 -18"><span class='ocrx_word' id='word_1_115' title='bbox 334 2218 501 2293; x_wconf 88' lang='lat' dir='ltr'><strong>Ergo</strong></span> <span class='ocrx_word' id='word_1_116' title='bbox 537 2232 755 2273; x_wconf 88' lang='lat' dir='ltr'><strong>omnes</strong></span> <span class='ocrx_word' id='word_1_117' title='bbox 786 2232 1010 2289; x_wconf 90' lang='lat' dir='ltr'><strong>magno</strong></span> <span class='ocrx_word' id='word_1_118' title='bbox 1041 2212 1268 2271; x_wconf 90' lang='lat' dir='ltr'><strong>circum</strong></span> <span class='ocrx_word' id='word_1_119' title='bbox 1301 2212 1566 2272; x_wconf 90' lang='lat' dir='ltr'><strong>clamore</strong></span> <span class='ocrx_word' id='word_1_120' title='bbox 1595 2213 1961 2284; x_wconf 81' lang='lat' dir='ltr'><strong>fremebant,</strong></span> 
     </span>
     <span class='ocr_line' id='line_1_20' title="bbox 252 2311 1833 2393; baseline -0.002 -19"><span class='ocrx_word' id='word_1_121' title='bbox 252 2316 590 2393; x_wconf 89' lang='lat' dir='ltr'><strong>praecipue</strong></span> <span class='ocrx_word' id='word_1_122' title='bbox 623 2313 764 2391; x_wconf 90' lang='lat' dir='ltr'><strong>pius</strong></span> <span class='ocrx_word' id='word_1_123' title='bbox 794 2315 1061 2372; x_wconf 77' lang='lat' dir='ltr'><strong>Aeneas,</strong></span> <span class='ocrx_word' id='word_1_124' title='bbox 1151 2314 1312 2371; x_wconf 90' lang='lat' dir='ltr'><strong>Tum</strong></span> <span class='ocrx_word' id='word_1_125' title='bbox 1343 2311 1513 2372; x_wconf 89' lang='lat' dir='ltr'><strong>iussa</strong></span> <span class='ocrx_word' id='word_1_126' title='bbox 1546 2312 1833 2390; x_wconf 88' lang='lat' dir='ltr'><strong>Sibyllae,</strong></span> 
     </span>
     <span class='ocr_line' id='line_1_21' title="bbox 254 2411 1917 2489; baseline -0.002 -16"><span class='ocrx_word' id='word_1_127' title='bbox 254 2415 418 2476; x_wconf 87' lang='lat' dir='ltr'><strong>haud</strong></span> <span class='ocrx_word' id='word_1_128' title='bbox 449 2432 647 2486; x_wconf 90' lang='lat' dir='ltr'><strong>mora,</strong></span> <span class='ocrx_word' id='word_1_129' title='bbox 680 2412 984 2473; x_wconf 81' lang='lat' dir='ltr'><strong>festinant</strong></span> <span class='ocrx_word' id='word_1_130' title='bbox 1012 2412 1250 2485; x_wconf 77' lang='lat' dir='ltr'><strong>flenteS,</strong></span> <span class='ocrx_word' id='word_1_131' title='bbox 1287 2431 1578 2489; x_wconf 90' lang='lat' dir='ltr'><strong>aramque</strong></span> <span class='ocrx_word' id='word_1_132' title='bbox 1610 2411 1917 2488; x_wconf 89' lang='lat' dir='ltr'><strong>sepulchri</strong></span> 
     </span>
     <span class='ocr_line' id='line_1_22' title="bbox 254 2513 1852 2594; baseline -0.002 -20"><span class='ocrx_word' id='word_1_133' title='bbox 254 2534 592 2594; x_wconf 87' lang='lat' dir='ltr'><strong>congerere</strong></span> <span class='ocrx_word' id='word_1_134' title='bbox 626 2513 948 2573; x_wconf 88' lang='lat' dir='ltr'><strong>arboribus</strong></span> <span class='ocrx_word' id='word_1_135' title='bbox 977 2514 1271 2591; x_wconf 89' lang='lat' dir='ltr'><strong>caeloque</strong></span> <span class='ocrx_word' id='word_1_136' title='bbox 1303 2514 1567 2573; x_wconf 89' lang='lat' dir='ltr'><strong>educere</strong></span> <span class='ocrx_word' id='word_1_137' title='bbox 1597 2522 1852 2572; x_wconf 89' lang='lat' dir='ltr'><strong>certant.</strong></span> 
     </span>
     <span class='ocr_line' id='line_1_23' title="bbox 259 2613 1876 2691; baseline -0.003 -16"><span class='ocrx_word' id='word_1_138' title='bbox 259 2618 386 2676; x_wconf 90' lang='lat' dir='ltr'><strong>Itur</strong></span> <span class='ocrx_word' id='word_1_139' title='bbox 415 2617 481 2676; x_wconf 92' lang='lat' dir='ltr'><strong>in</strong></span> <span class='ocrx_word' id='word_1_140' title='bbox 513 2614 841 2691; x_wconf 88' lang='lat' dir='ltr'><strong>antiquam</strong></span> <span class='ocrx_word' id='word_1_141' title='bbox 871 2613 1106 2687; x_wconf 89' lang='lat' dir='ltr'><strong>silvam,</strong></span> <span class='ocrx_word' id='word_1_142' title='bbox 1141 2613 1387 2673; x_wconf 85' lang='lat' dir='ltr'><strong>stabula</strong></span> <span class='ocrx_word' id='word_1_143' title='bbox 1417 2613 1543 2672; x_wconf 91' lang='lat' dir='ltr'><strong>alta</strong></span> <span class='ocrx_word' id='word_1_144' title='bbox 1569 2614 1836 2672; x_wconf 83' lang='lat' dir='ltr'><strong>ferarum</strong></span> <span class='ocrx_word' id='word_1_145' title='bbox 1861 2635 1876 2683; x_wconf 86' lang='lat'>;</span> 
     </span>
     <span class='ocr_line' id='line_1_24' title="bbox 256 2711 1824 2792; baseline -0.003 -18"><span class='ocrx_word' id='word_1_146' title='bbox 256 2717 672 2792; x_wconf 89' lang='lat' dir='ltr'><strong>procumbunt</strong></span> <span class='ocrx_word' id='word_1_147' title='bbox 703 2713 934 2791; x_wconf 89' lang='lat' dir='ltr'><strong>piceae,</strong></span> <span class='ocrx_word' id='word_1_148' title='bbox 968 2722 1150 2773; x_wconf 90' lang='lat' dir='ltr'><strong>sonat</strong></span> <span class='ocrx_word' id='word_1_149' title='bbox 1182 2712 1303 2772; x_wconf 90' lang='lat' dir='ltr'><strong>icta</strong></span> <span class='ocrx_word' id='word_1_150' title='bbox 1335 2712 1655 2773; x_wconf 90' lang='lat' dir='ltr'><strong>securibus</strong></span> <span class='ocrx_word' id='word_1_151' title='bbox 1687 2711 1824 2783; x_wconf 86' lang='lat' dir='ltr'><strong>ilex,</strong></span> 
     </span>
     <span class='ocr_line' id='line_1_25' title="bbox 256 2812 1707 2892; baseline -0.001 -21"><span class='ocrx_word' id='word_1_152' title='bbox 256 2815 698 2892; x_wconf 80' lang='lat' dir='ltr'><strong>fraxineaeque</strong></span> <span class='ocrx_word' id='word_1_153' title='bbox 728 2814 938 2873; x_wconf 90' lang='lat' dir='ltr'><strong>trabes</strong></span> <span class='ocrx_word' id='word_1_154' title='bbox 969 2813 1181 2872; x_wconf 90' lang='lat' dir='ltr'><strong>cuneis</strong></span> <span class='ocrx_word' id='word_1_155' title='bbox 1212 2822 1274 2872; x_wconf 93' lang='lat' dir='ltr'><strong>et</strong></span> <span class='ocrx_word' id='word_1_156' title='bbox 1301 2813 1490 2872; x_wconf 90' lang='lat' dir='ltr'><strong>fissile</strong></span> <span class='ocrx_word' id='word_1_157' title='bbox 1521 2812 1707 2871; x_wconf 91' lang='lat' dir='ltr'><strong>robur</strong></span> 
     </span>
     <span class='ocr_line' id='line_1_26' title="bbox 259 2912 1826 2991; baseline -0.001 -18"><span class='ocrx_word' id='word_1_158' title='bbox 259 2915 576 2988; x_wconf 87' lang='lat' dir='ltr'><strong>scinditur,</strong></span> <span class='ocrx_word' id='word_1_159' title='bbox 612 2913 950 2973; x_wconf 89' lang='lat' dir='ltr'><strong>advolvunt</strong></span> <span class='ocrx_word' id='word_1_160' title='bbox 980 2912 1247 2991; x_wconf 88' lang='lat' dir='ltr'><strong>ingentis</strong></span> <span class='ocrx_word' id='word_1_161' title='bbox 1277 2913 1594 2972; x_wconf 90' lang='lat' dir='ltr'><strong>montibus</strong></span> <span class='ocrx_word' id='word_1_162' title='bbox 1624 2929 1826 2971; x_wconf 79' lang='lat' dir='ltr'><strong>ornos‚</strong></span> 
     </span>
     <span class='ocr_line' id='line_1_27' title="bbox 262 3011 1678 3090; baseline -0.001 -17"><span class='ocrx_word' id='word_1_163' title='bbox 262 3015 387 3075; x_wconf 89' lang='lat' dir='ltr'><strong>Nec</strong></span> <span class='ocrx_word' id='word_1_164' title='bbox 417 3036 544 3076; x_wconf 90' lang='lat' dir='ltr'><strong>non</strong></span> <span class='ocrx_word' id='word_1_165' title='bbox 584 3017 832 3074; x_wconf 87' lang='lat' dir='ltr'><strong>Aeneas</strong></span> <span class='ocrx_word' id='word_1_166' title='bbox 861 3032 1051 3090; x_wconf 90' lang='lat' dir='ltr'><strong>opera</strong></span> <span class='ocrx_word' id='word_1_167' title='bbox 1080 3012 1240 3072; x_wconf 90' lang='lat' dir='ltr'><strong>inter</strong></span> <span class='ocrx_word' id='word_1_168' title='bbox 1269 3012 1419 3072; x_wconf 90' lang='lat' dir='ltr'><strong>talia</strong></span> <span class='ocrx_word' id='word_1_169' title='bbox 1447 3011 1678 3090; x_wconf 90' lang='lat' dir='ltr'><strong>primus</strong></span> 
     </span>
     <span class='ocr_line' id='line_1_28' title="bbox 260 3110 1800 3191; baseline 0 -21"><span class='ocrx_word' id='word_1_170' title='bbox 260 3112 531 3175; x_wconf 89' lang='lat' dir='ltr'><strong>hortatur</strong></span> <span class='ocrx_word' id='word_1_171' title='bbox 564 3113 790 3186; x_wconf 78' lang='lat' dir='ltr'><strong>sociOS,</strong></span> <span class='ocrx_word' id='word_1_172' title='bbox 824 3113 1198 3190; x_wconf 90' lang='lat' dir='ltr'><strong>paribusque</strong></span> <span class='ocrx_word' id='word_1_173' title='bbox 1229 3112 1569 3191; x_wconf 86' lang='lat' dir='ltr'><strong>accingitur</strong></span> <span class='ocrx_word' id='word_1_174' title='bbox 1598 3110 1800 3171; x_wconf 88' lang='lat' dir='ltr'><strong>armis.</strong></span> 
     </span>
    </p>
   </div>
   <div class='ocr_carea' id='block_1_5' title="bbox 745 3293 1578 3346">
    <p class='ocr_par' dir='ltr' id='par_1_8' title="bbox 745 3293 1578 3346">
     <span class='ocr_line' id='line_1_29' title="bbox 745 3293 1578 3346; baseline -0.002 -11"><span class='ocrx_word' id='word_1_175' title='bbox 745 3294 957 3346; x_wconf 70' lang='lat' dir='ltr'><strong>Finding</strong></span> <span class='ocrx_word' id='word_1_176' title='bbox 984 3294 1035 3336; x_wconf 72' lang='lat' dir='ltr'><strong>of</strong></span> <span class='ocrx_word' id='word_1_177' title='bbox 1061 3294 1145 3336; x_wconf 83' lang='lat' dir='ltr'><strong>the</strong></span> <span class='ocrx_word' id='word_1_178' title='bbox 1173 3293 1358 3336; x_wconf 83' lang='lat' dir='ltr'><strong>Golden</strong></span> <span class='ocrx_word' id='word_1_179' title='bbox 1387 3293 1578 3345; x_wconf 61' lang='lat' dir='ltr'><strong>Bouth-</strong></span> 
     </span>
    </p>
   </div>
   <div class='ocr_carea' id='block_1_6' title="bbox 266 3411 2027 3885">
    <p class='ocr_par' dir='ltr' id='par_1_9' title="bbox 266 3411 2027 3789">
     <span class='ocr_line' id='line_1_30' title="bbox 266 3411 1821 3494; baseline -0.002 -20"><span class='ocrx_word' id='word_1_180' title='bbox 266 3417 464 3494; x_wconf 89' lang='lat' dir='ltr'><strong>Atque</strong></span> <span class='ocrx_word' id='word_1_181' title='bbox 493 3418 653 3477; x_wconf 89' lang='lat' dir='ltr'><strong>haec</strong></span> <span class='ocrx_word' id='word_1_182' title='bbox 684 3414 819 3492; x_wconf 88' lang='lat' dir='ltr'><strong>ipse</strong></span> <span class='ocrx_word' id='word_1_183' title='bbox 849 3432 961 3473; x_wconf 92' lang='lat' dir='ltr'><strong>suo</strong></span> <span class='ocrx_word' id='word_1_184' title='bbox 990 3412 1149 3474; x_wconf 91' lang='lat' dir='ltr'><strong>tristi</strong></span> <span class='ocrx_word' id='word_1_185' title='bbox 1180 3431 1319 3472; x_wconf 90' lang='lat' dir='ltr'><strong>cum</strong></span> <span class='ocrx_word' id='word_1_186' title='bbox 1350 3413 1537 3472; x_wconf 88' lang='lat' dir='ltr'><strong>corde</strong></span> <span class='ocrx_word' id='word_1_187' title='bbox 1568 3411 1821 3485; x_wconf 84' lang='lat' dir='ltr'><strong>volutat,</strong></span> 
     </span>
     <span class='ocr_line' id='line_1_31' title="bbox 267 3512 2027 3593; baseline -0.002 -21"><span class='ocrx_word' id='word_1_188' title='bbox 267 3515 635 3593; x_wconf 85' lang='lat' dir='ltr'><strong>adspectans</strong></span> <span class='ocrx_word' id='word_1_189' title='bbox 666 3514 887 3575; x_wconf 88' lang='lat' dir='ltr'><strong>silvam</strong></span> <span class='ocrx_word' id='word_1_190' title='bbox 918 3513 1278 3586; x_wconf 90' lang='lat' dir='ltr'><strong>inmensam,</strong></span> <span class='ocrx_word' id='word_1_191' title='bbox 1313 3522 1375 3572; x_wconf 88' lang='lat' dir='ltr'><strong>et</strong></span> <span class='ocrx_word' id='word_1_192' title='bbox 1407 3512 1497 3572; x_wconf 91' lang='lat' dir='ltr'><strong>sic</strong></span> <span class='ocrx_word' id='word_1_193' title='bbox 1527 3530 1677 3571; x_wconf 84' lang='lat' dir='ltr'><strong>voce</strong></span> <span class='ocrx_word' id='word_1_194' title='bbox 1709 3520 2027 3588; x_wconf 88' lang='lat' dir='ltr'><strong>precatur:</strong></span> 
     </span>
     <span class='ocr_line' id='line_1_32' title="bbox 268 3609 1739 3676; baseline -0.004 -2"><span class='ocrx_word' id='word_1_195' title='bbox 268 3609 361 3674; x_wconf 73' lang='lat' dir='ltr'><strong>‘si</strong></span> <span class='ocrx_word' id='word_1_196' title='bbox 389 3635 557 3676; x_wconf 93' lang='lat' dir='ltr'><strong>nunc</strong></span> <span class='ocrx_word' id='word_1_197' title='bbox 587 3635 655 3676; x_wconf 90' lang='lat' dir='ltr'><strong>se</strong></span> <span class='ocrx_word' id='word_1_198' title='bbox 689 3613 872 3674; x_wconf 89' lang='lat' dir='ltr'><strong>nobis</strong></span> <span class='ocrx_word' id='word_1_199' title='bbox 901 3614 1002 3674; x_wconf 88' lang='lat' dir='ltr'><strong>ille</strong></span> <span class='ocrx_word' id='word_1_200' title='bbox 1035 3633 1255 3674; x_wconf 90' lang='lat' dir='ltr'><strong>aureus</strong></span> <span class='ocrx_word' id='word_1_201' title='bbox 1286 3613 1502 3672; x_wconf 90' lang='lat' dir='ltr'><strong>arbore</strong></span> <span class='ocrx_word' id='word_1_202' title='bbox 1534 3630 1739 3670; x_wconf 89' lang='lat' dir='ltr'><strong>ramus</strong></span> 
     </span>
     <span class='ocr_line' id='line_1_33' title="bbox 269 3710 1852 3789; baseline -0.002 -17"><span class='ocrx_word' id='word_1_203' title='bbox 269 3717 552 3777; x_wconf 90' lang='lat' dir='ltr'><strong>ostendat</strong></span> <span class='ocrx_word' id='word_1_204' title='bbox 581 3732 837 3776; x_wconf 88' lang='lat' dir='ltr'><strong>nemore</strong></span> <span class='ocrx_word' id='word_1_205' title='bbox 868 3713 931 3772; x_wconf 91' lang='lat' dir='ltr'><strong>in</strong></span> <span class='ocrx_word' id='word_1_206' title='bbox 961 3722 1152 3787; x_wconf 88' lang='lat' dir='ltr'><strong>tanto,</strong></span> <span class='ocrx_word' id='word_1_207' title='bbox 1188 3713 1440 3789; x_wconf 90' lang='lat' dir='ltr'><strong>quando</strong></span> <span class='ocrx_word' id='word_1_208' title='bbox 1470 3710 1679 3771; x_wconf 89' lang='lat' dir='ltr'><strong>omnia</strong></span> <span class='ocrx_word' id='word_1_209' title='bbox 1707 3728 1852 3769; x_wconf 88' lang='lat' dir='ltr'><strong>vere</strong></span> 
     </span>
    </p>

    <p class='ocr_par' dir='ltr' id='par_1_10' title="bbox 270 3810 1801 3885">
     <span class='ocr_line' id='line_1_34' title="bbox 270 3810 1801 3885; baseline -0.002 -15"><span class='ocrx_word' id='word_1_210' title='bbox 270 3811 382 3873; x_wconf 92' lang='lat' dir='ltr'><strong>heu</strong></span> <span class='ocrx_word' id='word_1_211' title='bbox 411 3816 669 3876; x_wconf 89' lang='lat' dir='ltr'><strong>nimium</strong></span> <span class='ocrx_word' id='word_1_212' title='bbox 703 3814 784 3873; x_wconf 88' lang='lat' dir='ltr'><strong>de</strong></span> <span class='ocrx_word' id='word_1_213' title='bbox 813 3823 876 3873; x_wconf 89' lang='lat' dir='ltr'><strong>te</strong></span> <span class='ocrx_word' id='word_1_214' title='bbox 903 3822 1096 3885; x_wconf 77' lang='lat' dir='ltr'><strong>vate3‚</strong></span> <span class='ocrx_word' id='word_1_215' title='bbox 1132 3812 1396 3885; x_wconf 89' lang='lat' dir='ltr'><strong>Misene,</strong></span> <span class='ocrx_word' id='word_1_216' title='bbox 1430 3812 1637 3870; x_wconf 88' lang='lat' dir='ltr'><strong>locuta</strong></span> <span class='ocrx_word' id='word_1_217' title='bbox 1666 3810 1801 3868; x_wconf 90' lang='lat' dir='ltr'><strong>est.&#39;</strong></span> 
     </span>
    </p>
   </div>
   <div class='ocr_carea' id='block_1_7' title="bbox 2233 331 2357 399">
    <p class='ocr_par' dir='ltr' id='par_1_11' title="bbox 2233 331 2357 399">
     <span class='ocr_line' id='line_1_35' title="bbox 2233 331 2357 399; baseline 0.016 -2"><span class='ocrx_word' id='word_1_218' title='bbox 2233 331 2357 399; x_wconf 79' lang='lat'><strong>159</strong></span> 
     </span>
    </p>
   </div>
   <div class='ocr_carea' id='block_1_8' title="bbox 2265 725 2356 776">
    <p class='ocr_par' dir='ltr' id='par_1_12' title="bbox 2265 725 2356 776">
     <span class='ocr_line' id='line_1_36' title="bbox 2265 725 2356 776; baseline 0.022 -2"><span class='ocrx_word' id='word_1_219' title='bbox 2265 725 2356 776; x_wconf 89' lang='lat'><strong>160</strong></span> 
     </span>
    </p>
   </div>
   <div class='ocr_carea' id='block_1_9' title="bbox 2264 1226 2356 1291">
    <p class='ocr_par' dir='ltr' id='par_1_13' title="bbox 2264 1226 2356 1291">
     <span class='ocr_line' id='line_1_37' title="bbox 2264 1226 2356 1291; baseline 0.011 -17"><span class='ocrx_word' id='word_1_220' title='bbox 2264 1226 2356 1291; x_wconf 82' lang='lat'><strong>165</strong></span> 
     </span>
    </p>
   </div>
   <div class='ocr_carea' id='block_1_10' title="bbox 2265 1740 2356 1788">
    <p class='ocr_par' dir='ltr' id='par_1_14' title="bbox 2265 1740 2356 1788">
     <span class='ocr_line' id='line_1_38' title="bbox 2265 1740 2356 1788; baseline 0.011 -13"><span class='ocrx_word' id='word_1_221' title='bbox 2265 1740 2356 1788; x_wconf 88' lang='lat'><strong>170</strong></span> 
     </span>
    </p>
   </div>
   <div class='ocr_carea' id='block_1_11' title="bbox 2265 2241 2356 2293">
    <p class='ocr_par' dir='ltr' id='par_1_15' title="bbox 2265 2241 2356 2293">
     <span class='ocr_line' id='line_1_39' title="bbox 2265 2241 2356 2293; baseline 0.044 -4"><span class='ocrx_word' id='word_1_222' title='bbox 2265 2241 2356 2293; x_wconf 82' lang='lat'><strong>175</strong></span> 
     </span>
    </p>
   </div>
   <div class='ocr_carea' id='block_1_12' title="bbox 2264 2726 2359 2777">
    <p class='ocr_par' dir='ltr' id='par_1_16' title="bbox 2264 2726 2359 2777">
     <span class='ocr_line' id='line_1_40' title="bbox 2264 2726 2359 2777; baseline 0.011 -1"><span class='ocrx_word' id='word_1_223' title='bbox 2264 2726 2359 2777; x_wconf 86' lang='lat'><strong>180</strong></span> 
     </span>
    </p>
   </div>
   <div class='ocr_carea' id='block_1_13' title="bbox 2268 3423 2358 3489">
    <p class='ocr_par' dir='ltr' id='par_1_17' title="bbox 2268 3423 2358 3489">
     <span class='ocr_line' id='line_1_41' title="bbox 2268 3423 2358 3489; baseline 0.022 -17"><span class='ocrx_word' id='word_1_224' title='bbox 2268 3423 2358 3489; x_wconf 81' lang='lat'><strong>185</strong></span> 
     </span>
    </p>
   </div>
  </div>
 </body>
</html>
