2796 4287
249 322 412 390 1-62.]
547 311 815 375 AEneas
850 309 920 372 in
958 309 1184 391 Sictly.
1296 309 1429 372 The
1460 309 1755 372 Funeral
1786 309 2047 376 Games.
2223 327 2336 376 121

247 505 580 564 intendunt
604 501 864 581 Zephyri
890 526 905 574 3
952 502 1143 561 fertur
1172 501 1296 561 cita
1323 501 1562 578 gurgite
1593 500 1829 574 classi3‚

246 614 306 663 et
335 604 592 664 tandem
626 601 770 661 laeti
805 611 986 661 notae
1019 602 1422 660 advertuntur
1452 619 1693 660 arenae.

868 783 1092 836 Lauding
1118 789 1170 824 nt
1198 785 1421 836 Segesta.

329 908 414 966 At
442 905 662 983 procul
694 925 769 965 ex
801 906 970 965 celso
1002 904 1256 964 miratus
1287 905 1515 964 vertice
1547 906 1775 965 montis
2283 934 2346 988 35

249 1006 583 1065 adventum
615 1005 944 1082 sociasque
973 1014 1156 1076 rates,
1184 1005 1448 1064 occurrit
1481 1007 1760 1078 AcesteS‚

247 1105 533 1164 horridus
565 1104 627 1163 in
662 1104 880 1164 iaculis
909 1114 972 1165 et
1002 1105 1160 1182 pelle
1195 1104 1535 1184 Libystidis
1567 1123 1759 1176 ursae,

247 1206 434 1264 Troia
466 1204 718 1265 Criniso
741 1214 1111 1282 conceptum
1144 1204 1393 1264 flumine
1425 1214 1620 1264 mater

248 1324 428 1382 quem
458 1304 712 1383 genuit:
758 1314 1030 1365 veterum
1063 1324 1186 1364 non
1217 1304 1535 1365 immemor
1565 1305 1667 1364 ille
1691 1314 2010 1382 parentum

247 1415 522 1484 gratatur
552 1405 831 1478 reduceS,
865 1414 927 1465 et
956 1424 1111 1483 gaza
1143 1405 1342 1465 laetus
1374 1405 1600 1482 agresti
2280 1436 2346 1482 40

250 1505 493 1584 excipit,
530 1524 605 1565 ac
636 1505 841 1565 fessos
871 1505 1094 1582 opibus
1126 1506 1357 1565 solatur
1388 1505 1620 1565 amicis.

805 1688 1165 1729 Proclamation
1193 1688 1240 1729 oi
1272 1688 1356 1729 the
1383 1687 1578 1729 Gramen.

332 1810 591 1868 Postera
622 1825 761 1866 cum
792 1805 990 1884 primo
1021 1805 1233 1866 stellas
1264 1805 1519 1866 Oriente
1549 1807 1792 1884 fugarat

249 1909 410 1968 clara
439 1908 595 1980 dies,
631 1907 835 1966 socios
866 1906 929 1965 in
960 1915 1201 1966 coetum
1227 1905 1403 1966 litore
1433 1906 1513 1965 ab
1542 1906 1709 1966 omni

251 2009 511 2068 advocat
543 2010 813 2080 Aeneas,
846 2005 1186 2083 tumulique
1216 2025 1291 2065 ex
1321 2025 1542 2085 aggere
1572 2007 1736 2067 fatur
1764 2030 1776 2067 ε

250 2107 265 2133 ‘
290 2108 694 2170 Dardanidae
725 2106 951 2199 magni3
982 2125 1179 2186 genus
1211 2107 1338 2167 alto
1368 2126 1406 2166 a
1436 2107 1734 2186 sanguine
1765 2107 1989 2183 divom,
2279 2137 2344 2192 45

251 2229 490 2270 annuus
522 2208 760 2269 exactis
791 2208 1129 2285 completur
1158 2208 1475 2268 mensibus
1506 2208 1692 2281 orbis,

249 2330 323 2370 ex
352 2330 476 2387 quo
507 2307 805 2385 reliquias
835 2307 1152 2385 divinique
1182 2327 1327 2367 ossa
1359 2309 1630 2385 parentis

250 2410 643 2471 condidimus
673 2418 836 2468 terra
866 2418 1260 2485 maestasque
1292 2408 1670 2468 sacravimus
1701 2429 1855 2469 aras.

251 2513 508 2588 Iamque
541 2509 698 2583 dies,
731 2507 853 2568 nisi
882 2509 1078 2581 fallor,
1114 2509 1308 2582 adest,
1343 2528 1545 2586 quem,
1579 2529 1821 2587 semper
1851 2510 2155 2584 acerbum,

249 2630 493 2690 semper
522 2611 891 2669 honoratum
910 2645 990 2653 —
1017 2608 1106 2670 sic
1138 2608 1202 2668 di
1232 2608 1614 2669 voluistis—
1633 2610 1895 2671 habebo,
2283 2639 2344 2692 50

253 2713 441 2771 Hunc
472 2730 590 2789 ego
621 2709 904 2771 Gaetulis
936 2730 1179 2789 agerem
1205 2711 1256 2771 si
1292 2712 1571 2790 Syrtibus
1603 2714 1793 2787 exsul,

251 2811 620 2891 Argolicove
651 2810 801 2869 mari
834 2811 1176 2888 deprensus
1207 2821 1269 2871 et
1300 2813 1451 2871 urbe
1485 2815 1804 2892 Mycenae,

251 2931 458 2972 annua
488 2921 633 2971 vota
663 2920 872 2970 tamen
905 2911 1348 2989 sollemnisque
1379 2912 1596 2972 ordine
1627 2932 1888 2990 pompas

251 3030 635 3089 exsequerer,
670 3021 1092 3088 strueremque
1124 3011 1253 3071 suis
1286 3012 1502 3072 altaria
1532 3012 1732 3072 donis,

253 3115 434 3172 Nunc
466 3112 628 3172 ultro
660 3113 740 3171 ad
771 3110 1011 3171 cineres
1043 3111 1237 3188 ipsius
1268 3122 1330 3172 et
1360 3132 1506 3172 ossa
1536 3114 1825 3190 parentiS,
2284 3141 2343 3194 55

251 3212 739 3290 haud·equidem
771 3211 904 3270 sine
934 3221 1158 3285 mente,
1192 3231 1345 3285 reor,
1380 3212 1515 3273 sine
1545 3213 1797 3272 numine
1828 3213 2050 3285 divom,

253 3315 548 3375 adsumus
579 3321 644 3372 et
673 3320 888 3390 portus
919 3310 1109 3371 delati
1139 3310 1438 3372 intramus
1471 3312 1719 3373 amicos

257 3416 410 3493 Ergo
443 3413 629 3492 agite,
665 3421 728 3471 et
758 3412 985 3471 laetum
1019 3411 1226 3471 cuncti
1259 3413 1643 3473 celebremus
1673 3414 2003 3485 honorem3

254 3532 580 3592 poscamus
610 3520 862 3584 ventos;
909 3521 1093 3589 atque
1127 3512 1282 3571 haec
1311 3531 1409 3573 me
1442 3532 1617 3573 sacra
1648 3513 1981 3590 quotannis

257 3616 396 3675 urbe
427 3612 579 3675 velit
607 3610 817 3690 posita
845 3611 1091 3688 templis
1122 3611 1241 3672 sibi
1270 3613 1430 3673 ferre
1461 3613 1701 3673 dicatis,
2282 3622 2349 3674 60

260 3714 404 3774 Bina
430 3715 627 3774 boum
660 3710 840 3771 vobis
870 3711 1056 3770 Troia
1086 3722 1416 3788 generatus
1448 3715 1712 3774 Acestes

260 3814 357 3874 dat
386 3830 648 3874 numero
681 3808 886 3886 capita
916 3809 978 3868 in
1010 3829 1237 3885 naves3
1285 3811 1575 3872 adhibete
1611 3815 1878 3873 Penates
