2796 4287
262 329 533 399 τιό-279]
793 319 863 385 T
852 321 938 384 lte
990 321 1420 407 Wanden'ngs
1466 325 1548 407 qs
1584 325 1865 388 AEneas.

262 511 868 585 Laomedontiadae,
902 511 1212 573 bellumne
1243 512 1472 574 inferre
1501 515 1751 592 paratis,

262 621 322 671 et
349 611 559 689 patrio
594 611 917 691 Harpyias
948 611 1213 672 insontis
1241 613 1472 691 pellere
1501 618 1728 694 regno?

263 711 548 789 Accipite
579 730 732 789 ergo
764 710 989 770 animis
1018 721 1204 789 atque
1235 713 1391 772 haec
1422 733 1561 773 mea
1589 714 1759 793 figite
1790 716 1971 788 dicta,

264 830 418 889 quae
452 812 717 871 Phoebo
747 821 926 889 pater
954 812 1366 890 omnipotens,
1402 813 1552 873 mihi
1585 813 1876 875 Phoebus
1907 816 2133 894 Apollo

264 911 590 989 praedixit,
623 910 805 971 vobis
838 910 1156 971 Furiarum
1186 931 1303 991 ego
1333 932 1619 973 maxuma
1648 917 1875 993 pando,

268 1012 511 1070 Italiam
540 1030 728 1070 cursu
757 1011 986 1088 petitis,
1020 1012 1347 1091 ventisque
1379 1014 1616 1074 vocatis

267 1112 430 1173 ibitis
465 1113 734 1187 Italiam,
766 1123 1102 1191 portusque
1133 1112 1361 1173 intrare
1395 1114 1641 1187 licebit;

268 1215 373 1273 sed
404 1233 535 1274 non
567 1223 714 1273 ante
744 1214 953 1273 datam
983 1214 1242 1293 cingetis
1278 1215 1604 1276 moenibus
1633 1217 1864 1290 urbem,

267 1333 451 1391 quam
480 1333 596 1373 vos
627 1313 762 1373 dira
788 1314 987 1373 fames
1018 1324 1389 1394 nostraeque
1428 1316 1649 1375 iniuria
1678 1317 1887 1376 caedis

267 1415 554 1474 ambesas
585 1413 832 1491 subigat
862 1413 1039 1473 malis
1070 1415 1392 1476 absumere
1432 1417 1720 1476 mensas.'

268 1515 454 1590 Dixit,
488 1525 553 1575 et
584 1516 649 1575 in
678 1516 895 1575 silvam
924 1516 1148 1593 pennis
1187 1516 1395 1576 ablata
1424 1516 1663 1594 refugit.

348 1618 434 1675 At
464 1615 652 1675 sociis
683 1616 890 1676 subita
919 1616 1160 1693 gelidus
1194 1616 1523 1676 formidine
1554 1616 1805 1694 sanguis

265 1715 568 1793 deriguit;
614 1716 893 1776 cecidere
928 1716 1132 1791 animi,
1170 1736 1288 1776 nec
1319 1716 1441 1774 iam
1471 1715 1732 1793 amplius
1762 1717 1963 1791 armis,

266 1817 376 1875 sed
406 1816 570 1876 votis
599 1816 1012 1894 precibusque
1048 1815 1263 1877 iubent
1294 1834 1628 1893 exposcere
1659 1834 1892 1893 pacem,

268 1915 392 1975 sive
423 1917 601 1990 deae,
634 1936 747 1976 seu
777 1916 904 1977 sint
933 1916 1102 1976 dirae
1136 1917 1569 1994 obscenaeque
1600 1915 1898 1977 volucres,

269 2018 343 2075 Et
370 2026 549 2093 pater
578 2016 889 2076 Anchises
921 2016 1125 2093 passis
1157 2017 1234 2076 de
1265 2016 1443 2075 litore
1472 2015 1694 2093 palmis

268 2115 520 2176 numina
549 2136 776 2195 magna
805 2125 1004 2191 vocat,
1041 2116 1416 2193 meritosque
1448 2115 1664 2175 indicit
1692 2116 1993 2177 honores:

266 2214 281 2239 ‘
301 2218 397 2290 Di,
430 2216 757 2293 prohibete
789 2216 1021 2290 minas;
1069 2217 1148 2290 di,
1184 2217 1367 2275 talem
1402 2216 1657 2276 avertite
1687 2235 1916 2288 casum,

265 2327 326 2377 et
352 2318 583 2395 placidi
614 2328 856 2379 servate
886 2319 1024 2395 pios
1046 2322 1058 2377 ἒ
1077 2318 1092 2345 ’
1181 2317 1342 2374 Tum
1373 2315 1549 2375 litore
1580 2316 1793 2374 funem

265 2418 560 2496 deripere,
594 2436 1014 2496 excussosque
1047 2416 1217 2476 iubet
1249 2415 1453 2474 laxare
1484 2415 1793 2474 rudentes.

264 2519 557 2579 Tendunt
584 2519 724 2578 vela
756 2517 939 2590 Noti;
987 2516 1254 2594 fugimus
1290 2514 1721 2592 spumantibus
1752 2515 1952 2588 undis»,

266 2638 385 2696 qua
415 2637 663 2678 cursum
691 2628 1036 2695 ventusque
1067 2616 1566 2693 gubernatorque
1596 2614 1874 2673 vocabat.

267 2720 398 2777 Iam
429 2719 638 2778 medio
668 2719 927 2795 adparet
956 2717 1149 2775 fluctu
1180 2733 1504 2774 nemorosa
1533 2715 1881 2792 Zacynthos

268 2818 747 2896 Dulichiumque
781 2819 1086 2895 Sameque
1117 2825 1180 2875 et
1212 2815 1461 2874 Neritos
1497 2815 1688 2873 ardua
1718 2813 1902 2873 saxis,

269 2918 608 2996 Effugimus
640 2916 931 2994 scopulos
964 2916 1235 2987 Ithacae,
1273 2914 1522 2974 Laertia
1551 2933 1757 2991 regna,

266 3027 327 3076 et
353 3028 578 3078 terram
608 3017 887 3077 altricem
917 3015 1085 3076 saevi
1117 3034 1508 3075 exsecramur
1539 3013 1726 3073 Ulixi.

269 3119 417 3177 Mox
446 3129 511 3179 et
540 3121 854 3178 Leucatae
885 3116 1170 3176 nimbosa
1200 3115 1524 3175 cacumina
1555 3114 1782 3173 montis

267 3227 329 3277 et
354 3219 720 3279 formidatus
752 3217 956 3277 nautis
988 3216 1258 3294 aperitur
1288 3215 1529 3293 Apollo.

272 3319 456 3379 Hunc
484 3319 755 3397 petimus
786 3317 938 3377 fessi
967 3326 1030 3376 et
1058 3334 1284 3393 parvae
1318 3314 1707 3374 succedimus
1739 3314 1908 3388 urbi3

271 3436 488 3479 ancora
515 3421 594 3480 de
623 3436 810 3497 prora
841 3417 1076 3490 iacitur,
1112 3425 1281 3475 stant
1310 3414 1489 3474 litore
1519 3432 1777 3491 puppeS.

819 3599 1046 3650 Laudine
1072 3602 1123 3639 at
1149 3599 1362 3639 Actium.

273 3721 426 3797 Ergo
458 3720 775 3798 insperata
804 3717 1056 3776 tandem
1086 3716 1303 3776 tellure
1333 3714 1532 3793 potiti,

271 3817 716 3897 lustramurque
750 3815 888 3874 Iovi
917 3815 1198 3893 votisque
1229 3815 1618 3874 incendimus
1651 3833 1805 3888 araS,

2291 341 2374 407 75

2281 731 2308 766 2
2316 731 2377 783 50

2279 1231 2373 1283 ²55

2273 2217 2367 2282 263

2273 2728 2369 2777 270

2271 3229 2364 3282 275
