2796 4287
334 343 608 409 300-343·]
1030 332 1162 396 The
1224 333 1454 397 World
1492 333 1739 397 Below.
2306 334 2421 414 ¹65

333 532 507 582 trans
537 533 795 601 pontum
823 524 1017 602 fugat,
1051 534 1112 584 et
1141 524 1319 584 terris
1350 525 1621 584 immittit
1654 524 1896 602 apricis,

338 624 603 684 Stabant
632 633 881 684 orantes
912 624 1089 701 primi
1119 625 1536 684 transmittere
1568 644 1830 698 cursum,

335 724 804 802 tendebantque
835 743 1052 784 manus
1083 724 1251 802 ripae
1284 725 1589 785 ulterioris
1620 745 1845 785 amore.

337 824 566 885 Navita
595 826 708 885 sed
738 824 930 885 tristis
960 844 1126 885 nunc
1155 826 1271 885 hos
1302 817 1467 885 nunc
1498 825 1722 904 accipit
1754 826 1910 899 illos,
2335 855 2432 910 315

337 936 432 985 ast
463 926 620 986 alios
650 927 831 1004 longe
862 926 1184 986 submotos
1215 935 1382 986 arcet
1413 945 1616 986 arena.

293 1063 313 1099 0
419 1028 688 1100 AeneaS,
722 1026 976 1085 miratus
1007 1027 1170 1086 enim
1201 1036 1528 1103 motusque
1558 1027 1839 1098 tumultu,

336 1126 350 1150 ‘
375 1127 495 1187 Dic
516 1129 529 1154 '
562 1127 648 1187 ait
677 1124 747 1186 ὀ
777 1126 966 1205 virgo,
1001 1127 1150 1204 quid
1179 1128 1307 1187 volt
1338 1146 1677 1188 concursus
1709 1128 1785 1187 ad
1818 1129 2102 1186 amnem?

337 1227 585 1302 Quidve
615 1237 834 1305 petunt
866 1227 1124 1300 animae,
1159 1228 1256 1286 vel
1289 1247 1413 1305 quo
1444 1228 1797 1287 discrimine
1830 1228 1996 1305 ripas

338 1329 453 1387 hae
486 1328 789 1405 linquunt,
822 1327 964 1387 illae
994 1328 1178 1387 remis
1207 1328 1369 1387 vada
1398 1328 1588 1387 livida
1616 1337 1864 1388 verrunt
1882 1331 1903 1387 ?
1921 1329 1934 1355 ’
2333 1358 2431 1410 320

338 1428 464 1490 Olli
497 1428 587 1488 sic
616 1428 883 1489 breviter
910 1428 1039 1487 fata
1071 1437 1168 1488 est
1197 1428 1497 1506 longaeva
1528 1429 1853 1488 sacerdos:

337 1526 352 1552 ‘
371 1529 651 1589 Anchisa
678 1538 988 1607 generate,
1022 1530 1205 1589 deum
1238 1529 1580 1589 certissima
1607 1530 1829 1606 proles,

339 1629 561 1710 Cocyti
591 1639 814 1707 stagna
844 1630 969 1689 alta
997 1628 1172 1689 vides
1205 1629 1602 1708 Stygiamque
1633 1630 1940 1707 paludem,

338 1729 404 1789 di
434 1729 610 1789 cuius
640 1729 838 1789 iurare
868 1729 1088 1789 timent
1117 1738 1181 1789 et
1207 1730 1424 1789 fallere
1454 1715 1699 1789 numen.

343 1832 523 1889 Haec
550 1829 770 1903 omnis,
798 1848 984 1907 quam
1015 1830 1234 1903 cernis,
1262 1813 1442 1907 inops
1474 1830 1914 1907 inhumataque
1948 1831 2127 1890 turba
2157 1840 2288 1902 est;
2334 1859 2430 1912 325

338 1930 598 2008 portitor
626 1930 728 1990 ille
760 1930 1045 2003 Charon3
1091 1929 1172 2004 hi,
1208 1949 1365 2007 quos
1395 1930 1564 1989 vehit
1593 1930 1776 2002 unda,
1810 1931 2053 2008 sepulti.

341 2032 401 2091 N
406 2049 479 2090 ec
507 2029 673 2109 ripas
704 2028 886 2090 datur
914 2030 1254 2090 horrendas
1287 2040 1348 2089 et
1379 2049 1566 2089 rauca
1596 2030 1830 2090 fluenta

338 2140 760 2210 transportare
790 2130 961 2209 prius
992 2150 1177 2209 quam
1209 2130 1465 2191 sedibus
1494 2150 1639 2191 ossa
1670 2130 1975 2209 quierunt.

341 2235 608 2294 Centum
637 2242 845 2292 errant
874 2250 1071 2292 annos
1100 2231 1483 2308 volitantque
1513 2232 1669 2291 haec
1701 2232 1879 2291 litora
1913 2232 2176 2303 circum;

340 2342 471 2392 tum
500 2332 749 2392 demum
780 2331 1036 2392 admissi
1067 2342 1289 2409 stagna
1320 2340 1612 2409 exoptata
1642 2332 1953 2391 revisunt.'
2333 2363 2429 2414 330

340 2432 640 2495 Constitit
670 2431 949 2492 Anchisa
978 2441 1149 2492 satus
1180 2441 1240 2492 et
1269 2431 1532 2509 vestigia
1560 2432 1804 2508 pressit,

339 2533 534 2593 multa
561 2542 807 2610 putanS,
840 2541 1192 2609 sortemque
1225 2532 1430 2591 animo
1460 2530 1786 2591 miseratus
1816 2532 2107 2609 iniquam.

342 2632 556 2694 Cernit
587 2632 672 2693 ibi
704 2642 975 2693 maestos
1006 2643 1070 2692 et
1098 2632 1310 2692 mortis
1340 2632 1577 2692 honore
1607 2643 1888 2692 carentes

339 2732 709 2810 Leucaspim
740 2743 803 2792 et
834 2732 1061 2811 Lyciae
1092 2732 1411 2792 ductorem
1440 2732 1658 2791 classis
1689 2732 1988 2806 Oronten,

339 2852 515 2910 quOS,
551 2833 730 2892 simul
763 2832 842 2892 ab
872 2831 1060 2892 Troia
1090 2842 1350 2892 ventosa
1377 2851 1490 2909 per
1520 2851 1786 2909 aequora
1817 2842 2047 2904 vectOS,
2333 2864 2395 2916 33
2404 2864 2429 2917 5

338 2933 544 2993 obruit
577 2935 822 3006 Auster,
855 2951 1016 3009 aqua
1046 2931 1369 2992 involvens
1402 2951 1744 3010 navemque
1776 2931 2078 3009 virosque.

900 3115 1005 3158 The
1029 3115 1187 3158 Ghost
1213 3115 1266 3157 of
1292 3115 1568 3157 Palinurus.

426 3238 585 3295 Ecce
613 3235 989 3313 gubernator
1018 3252 1155 3294 sese
1188 3234 1513 3293 Palinurus
1544 3233 1786 3311 agebat,

339 3336 446 3413 qui
478 3336 711 3416 Libyco
741 3354 937 3413 nuper
966 3354 1166 3408 cursu,
1200 3335 1347 3394 dum
1379 3334 1583 3393 sidera
1614 3343 1836 3408 servat,

337 3436 652 3496 exciderat
679 3436 874 3515 puppi
902 3435 1124 3496 mediis
1154 3435 1389 3495 effusus
1421 3434 1483 3493 in
1516 3433 1718 3507 undiS.

342 3539 532 3596 Hunc
562 3536 669 3597 ubi
697 3537 799 3596 vix
829 3537 1021 3596 multa
1051 3545 1353 3596 maestum
1386 3534 1676 3613 cognovit
1707 3533 1770 3593 in
1801 3535 2036 3609 umbra,
2331 3564 2428 3616 340

339 3637 430 3697 sic
459 3636 623 3715 prior
653 3635 1037 3714 adloquitur:
1082 3633 1272 3710 ‘Quis
1303 3645 1383 3707 te,
1421 3634 1725 3707 Palinure,
1758 3635 2013 3694 deorum

339 3737 561 3816 eripuit
590 3736 790 3810 nobis,
824 3735 1155 3813 medioque
1186 3735 1302 3794 sub
1333 3722 1603 3813 aequore
1635 3733 1888 3794 mersit?

340 3837 462 3898 Dic
492 3856 624 3916 age.
713 3838 999 3914 Namque
1032 3835 1199 3908 mihi,
1231 3834 1423 3893 fallax
1452 3835 1619 3893 haud
1651 3843 1797 3894 ante
1826 3844 2122 3912 repertuS,
