2796 4287
286 330 555 396 362-402·]
983 317 1165 381 Dido
1210 320 1359 382 and
1400 318 1679 383 AEneas.
2272 339 2395 406 107

287 510 466 585 Quae
499 510 725 588 quibus
759 510 1151 571 anteferam?
1242 511 1377 569 Iam
1410 508 1530 569 iam
1559 529 1679 570 nec
1709 529 1996 570 maxuma
2026 513 2203 585 Iuno,

288 628 407 669 nec
439 609 764 670 Saturnius
795 611 954 669 haec
982 607 1178 670 oculis
1209 620 1383 687 pater
1415 609 1639 687 aspicit
1668 610 1901 688 aequis,

290 712 618 787 Nusquam
648 719 785 769 tuta
812 710 988 770 fides.
1082 709 1360 769 Eiectum
1391 708 1587 783 litore,
1620 720 1906 789 egentem

287 810 526 889 excepi,
560 819 624 870 et
654 809 829 887 regni
861 809 1120 870 demens
1151 809 1214 868 in
1245 818 1421 887 parte
1453 810 1651 870 locavi
1678 835 1693 882 ;

290 910 586 971 amissam
615 911 899 983 classem,
933 908 1137 970 socios
1168 928 1205 968 a
1236 919 1433 969 morte
1463 911 1695 971 reduxi.
2289 944 2351 996 37
2360 942 2386 996 5

292 1012 441 1070 Heu
471 1010 647 1070 furiis
677 1009 936 1070 incensa
962 1010 1127 1070 feror
1153 1013 1166 1070 l
1258 1011 1444 1070 Nunc
1474 1029 1669 1089 augur
1699 1013 1941 1090 Apollo,

291 1130 456 1170 nunc
489 1109 718 1191 Lyciae
748 1120 967 1183 sorteS,
1000 1129 1165 1169 nunc
1194 1119 1256 1170 et
1289 1111 1441 1170 Iove
1471 1110 1696 1171 missus
1727 1113 1805 1171 ab
1837 1111 1973 1190 ipso

290 1211 599 1289 interpres
629 1210 837 1270 divom
866 1210 988 1270 fert
1015 1209 1267 1271 horrida
1297 1210 1467 1271 iussa
1494 1230 1604 1289 per
1634 1230 1830 1270 auras.
1913 1259 1919 1266 .

294 1310 545 1371 Scilicet
574 1310 627 1370 is
657 1309 897 1388 superis
927 1309 1101 1370 labor
1130 1319 1244 1384 est,
1277 1328 1352 1370 ea
1382 1329 1530 1370 cura
1559 1310 1804 1388 quietos

291 1410 602 1472 sollicitat.
691 1412 911 1488 Neque
937 1391 1003 1470 te
1034 1419 1234 1484 teneo,
1268 1429 1472 1488 neque
1503 1409 1670 1470 dicta
1700 1412 1930 1472 refello,
2290 1429 2388 1495 380

293 1513 343 1584 I,
376 1529 638 1588 sequere
671 1509 915 1570 Italiam
944 1509 1169 1583 ventis,
1201 1520 1343 1587 pete
1374 1528 1568 1589 regna
1596 1529 1707 1589 per
1737 1512 1957 1571 undas.

295 1612 489 1689 Spero
518 1609 809 1688 equidem
838 1609 1079 1684 mediis,
1111 1610 1166 1670 si
1196 1610 1347 1688 quid
1376 1609 1481 1688 pia
1511 1611 1765 1670 numina
1793 1622 2076 1688 possunt,

292 1710 600 1789 supplicia
628 1710 966 1770 hausurum
994 1709 1287 1787 scopulis,
1322 1720 1385 1771 et
1415 1710 1665 1770 nomine
1701 1711 1866 1770 Dido

293 1830 478 1889 saepe
509 1818 889 1870 vocaturum.
981 1811 1219 1887 Sequar
1250 1809 1400 1870 atris
1431 1810 1679 1888 ignibus
1704 1811 1949 1885 absens,

294 1921 355 1972 et
382 1930 523 1971 curn
551 1909 779 1989 frigida
808 1927 974 1970 mors
1003 1909 1210 1969 anima
1240 1909 1554 1970 seduxerit
1584 1921 1769 1984 artuS,
2289 1929 2382 1994 385

296 2011 580 2072 omnibus
611 2008 830 2071 umbra
858 2009 1012 2070 locis
1038 2009 1249 2070 adero.
1341 2010 1558 2083 Dabis,
1591 2011 1886 2088 improbe,
1919 2031 2173 2089 poenas.

298 2111 580 2186 Audiam,
614 2120 678 2171 et
706 2111 862 2171 haec
895 2109 1106 2171 Manis
1135 2109 1344 2171 veniet
1373 2109 1525 2170 mihi
1553 2111 1721 2171 fama
1751 2112 1867 2172 sub
1899 2111 2095 2173 imos)

300 2213 416 2273 His
443 2211 721 2273 medium
751 2210 936 2272 dictis
967 2230 1314 2272 sermonem
1344 2211 1671 2289 abrumpit,
1704 2221 1767 2273 et
1797 2231 1977 2273 auras

296 2332 473 2392 aegra
500 2311 683 2391 fugit,
716 2330 907 2389 seque
936 2331 1015 2371 ex
1041 2310 1240 2372 oculis
1270 2311 1492 2372 avertit
1521 2322 1585 2372 et
1615 2313 1831 2386 aufert,

294 2412 582 2492 linquens
614 2412 809 2471 multa
837 2421 1005 2472 metu
1035 2420 1436 2472 cunctantem
1464 2421 1528 2472 et
1557 2412 1750 2472 multa
1777 2425 2097 2490 parantem
2288 2444 2385 2494 390

294 2512 513 2575 dicere.
610 2511 967 2588 Suscipiunt
994 2512 1280 2584 famulae,
1314 2511 1733 2589 conlapsaque
1763 2515 2037 2574 membra

294 2630 634 2673 marmoreo
664 2612 940 2673 referunt
967 2612 1241 2672 thalamo
1271 2611 1605 2690 stratisque
1635 2622 1957 2690 reponunt.

818 2793 1166 2846 Proper-atlon·
1193 2793 1271 2835 for
1297 2792 1585 2845 nepa-ture.

373 2918 459 2975 At
488 2913 631 2993 pius
662 2915 927 2986 Aeneas,
961 2930 1336 2990 quamquam
1367 2911 1560 2972 lenire
1591 2912 1904 2972 dolentem

294 3015 555 3075 solando
586 3012 759 3089 cupit
788 3021 851 3072 et
879 3011 1064 3072 dictis
1097 3021 1374 3072 avertere
1405 3030 1602 3085 curas,

294 3114 483 3173 multa
509 3130 769 3192 gemens
799 3130 1150 3190 magnoque
1181 3111 1454 3171 animum
1484 3111 1829 3173 labefactus
1861 3134 2084 3188 amore,
2287 3147 2381 3199 395

294 3213 459 3273 iussa
488 3221 703 3273 tamen
735 3211 940 3273 divom
971 3210 1343 3289 exsequitur,
1378 3212 1768 3290 classemque
1799 3214 2027 3273 revisit.

294 3313 451 3373 Tum
481 3331 633 3373 vero
660 3311 887 3371 Teucri
915 3312 1299 3385 incumbunt,
1335 3321 1398 3371 et
1428 3311 1605 3372 litore
1636 3312 1835 3373 celsas

295 3413 611 3474 deducunt
638 3420 773 3472 toto
801 3431 994 3473 naves
1021 3435 1035 3485 ;
1079 3421 1254 3471 natat
1284 3421 1473 3471 uncta
1503 3411 1711 3471 carina
1736 3437 1749 3485 3

293 3511 765 3589 frondentisque
793 3512 1000 3572 ferunt
1029 3528 1229 3573 remos
1261 3521 1323 3571 et
1352 3512 1575 3571 robora
1605 3511 1774 3572 silvis

298 3612 682 3687 infabricata,
713 3611 896 3690 fugae
928 3611 1152 3672 studio.
2287 3645 2384 3691 400

300 3712 630 3793 Migrantis
658 3730 896 3786 cernas,
929 3720 1184 3790 totaque
1214 3731 1290 3772 ex
1321 3713 1471 3772 urbe
1504 3713 1757 3773 ruentis.
2073 3706 2080 3711 ’

297 3814 392 3874 Ac
417 3812 590 3872 velut
619 3809 932 3889 ingentem
962 3812 1254 3872 formicae
1284 3810 1467 3870 farris
1498 3829 1783 3869 acervum
