2796 4287
449 310 571 371 108
1257 306 1389 369 The
1436 306 1711 370 AEnez'd.
2221 318 2412 384 [Boox
2439 321 2537 420 HL.

440 518 580 557 cum
611 498 929 574 populant,
963 498 1181 558 hiemis
1212 516 1531 571 memores,
1565 506 1855 574 tectoque
1888 508 2195 580 reponunt
2221 522 2235 572 ;

441 598 487 656 it
518 596 757 674 nigrum
788 597 1022 674 campis
1053 616 1293 674 agmen,
1326 597 1745 673 praedamque
1775 616 1886 674 per
1915 598 2140 658 herbas

440 707 812 757 convectant
843 697 998 756 calle
1030 706 1293 774 angusto
1318 721 1332 769 ς
1379 716 1523 773 pars
1553 697 1812 774 grandia
1842 698 2096 757 trudunt

440 798 705 857 obnixae
738 798 1046 857 frumenta
1076 796 1301 855 umeris
1330 820 1344 869 3
1391 816 1538 872 pars
1569 797 1813 874 agmina
1843 808 2073 874 cogunt

441 898 869 975 castigantque
899 915 1102 956 moras
1129 920 1143 969 3
1189 915 1374 972 opere
1405 896 1607 955 omnis
1638 896 1859 956 semita
1888 896 2100 958 fervet.

1057 1077 1226 1118 Dido's
1254 1078 1376 1118 Last
1403 1078 1604 1129 Appeal.

525 1197 681 1271 Quis
712 1197 825 1256 tibi
855 1206 1002 1269 tum,
1039 1195 1222 1268 Dido,
1257 1195 1538 1254 cernenti
1569 1195 1717 1254 talia
1747 1200 2010 1257 sensus?
2070 1242 2074 1247 .

440 1316 673 1374 quosve
705 1297 901 1356 dabas
929 1296 1213 1373 gemitus,
1247 1314 1386 1354 cum
1418 1295 1599 1353 litora
1627 1297 1863 1355 fervere
1885 1297 2017 1355 ‘late

438 1396 823 1473 prospiceres
855 1414 994 1454 arce
1025 1415 1102 1454 ex
1132 1414 1388 1467 summa,
1426 1404 1744 1471 totumque
1774 1396 2014 1455 videres

439 1496 681 1555 misceri
713 1505 856 1554 ante
888 1495 1104 1555 oculos
1136 1495 1327 1553 tantis
1357 1494 1728 1554 clamoribus
1757 1499 2029 1572 aequor?

441 1596 730 1672 Improbe
762 1598 970 1668 Amor,
1007 1595 1155 1671 quid
1186 1613 1312 1653 non
1343 1593 1629 1653 mortalia
1658 1603 1910 1670 pectora
1940 1596 2147 1671 cogis?

440 1698 538 1754 Ire
570 1696 789 1754 iterum
819 1695 883 1753 in
912 1694 1212 1767 lacrimas,
1247 1694 1468 1753 iterum
1499 1703 1799 1770 temptare
1829 1695 2143 1771 precando

438 1796 692 1872 cogitur,
728 1804 789 1853 et
821 1794 1081 1871 supplex
1111 1793 1352 1853 animos
1384 1793 1745 1853 submittere
1777 1794 1985 1865 amori,

438 1915 519 1954 ne
548 1895 699 1971 quid
729 1895 1111 1971 inexpertum
1143 1895 1370 1952 frustra
1400 1893 1694 1952 moritura
1724 1892 2046 1969 relinquat.

525 1998 757 2067 ‘Anna,
789 1994 965 2053 vides
996 2002 1128 2052 toto
1157 1993 1470 2069 properari
1502 1992 1718 2066 litore;
1763 1992 1991 2051 circum

438 2096 711 2173 undique
743 2113 1125 2168 convenere;
1174 2102 1355 2153 vocat
1384 2092 1508 2151 iam
1538 2093 1833 2153 carbasus
1864 2112 2062 2168 auraS,

437 2196 747 2272 puppibus
778 2204 840 2254 et
870 2194 1015 2253 laeti
1046 2202 1271 2252 nautae
1302 2193 1649 2270 imposuere
1680 2213 1960 2253 coronas,

440 2299 631 2355 Hunc
663 2315 778 2373 ego
810 2295 861 2354 si
893 2294 1065 2371 potui
1097 2303 1336 2352 tantum
1368 2312 1616 2370 sperare
1649 2294 1942 2367 dolorem,

438 2406 500 2456 et
527 2398 816 2473 perferre,
851 2414 1038 2467 soror,
1073 2404 1307 2470 potero,
1400 2394 1667 2452 Miserae
1700 2393 2058 2454 hoc'tamen
2090 2415 2279 2454 unum

437 2516 790 2573 exsequere,
824 2498 1026 2567 Anna,
1060 2493 1227 2552 mihi.
1320 2494 1526 2552 Solam
1557 2513 1697 2551 nam
1730 2494 1999 2570 perfidus
2028 2494 2131 2552 ille

436 2607 498 2657 te
529 2598 745 2669 colere,
781 2614 1039 2654 arcanos
1071 2594 1255 2652 etiam
1288 2593 1402 2653 tibi
1434 2595 1684 2653 credere
1716 2612 1974 2667 sensus;

437 2698 567 2756 sola
597 2696 709 2755 viri
739 2695 938 2754 mollis
970 2693 1173 2752 aditus
1204 2702 1266 2751 et
1298 2702 1578 2770 tempora
1608 2713 1809 2754 noraS.

438 2799 487 2869 I,
521 2813 706 2867 soror,
742 2803 926 2870 atque
957 2784 1200 2852 hostem
1235 2792 1496 2869 supplex
1532 2794 1744 2852 adfare
1777 2795 2148 2870 superbum3

436 2915 559 2954 non
593 2913 708 2971 ego
738 2913 877 2952 cum
911 2893 1147 2952 Danais
1178 2893 1510 2952 Troianam
1550 2893 1909 2952 exscindere
1938 2904 2187 2970 gentem

437 2995 660 3054 Aulide
692 2993 901 3066 iuravi,
938 2993 1279 3052 classemve
1317 2993 1397 3051 ad
1432 2995 1729 3070 Pergama
1762 2993 1915 3067 misi,

418 3115 552 3155 ,nec
581 3094 774 3171 patris
806 3093 1120 3152 Anchisae
1155 3092 1395 3153 cineres
1433 3093 1719 3152 Manisve
1752 3094 1978 3167 revelli,

435 3214 543 3255 cur
571 3213 708 3253 mea
739 3193 905 3253 dicta
936 3202 1121 3271 neget
1156 3194 1342 3252 duras
1376 3192 1700 3253 demittere
1730 3193 1793 3252 in
1826 3195 2006 3255 auriS.

437 3297 579 3370 Quo
608 3294 768 3354 ruit?
861 3296 1214 3353 Extremum
1245 3294 1363 3352 hoc
1394 3292 1656 3353 miserae
1689 3294 1797 3353 det
1825 3313 2050 3355 munus
2081 3295 2310 3355 amanti
2335 3318 2349 3354 τ

435 3404 752 3473 exspectet
780 3394 1149 3471 facilemque
1177 3394 1389 3471 sugam
1421 3403 1763 3471 ventosque
1791 3394 2068 3454 serentis,

437 3498 580 3555 Non
611 3494 733 3554 iam
765 3493 1118 3572 coniugium
1150 3493 1488 3570 antiquum,
1525 3494 1693 3570 quod
1723 3494 2013 3570 prodidit,
2045 3514 2172 3565 or0,

435 3615 550 3656 nec
579 3595 836 3672 pulchro
869 3604 935 3653 ut
967 3593 1146 3652 Latio
1178 3603 1385 3653 careat
1416 3612 1794 3670 regnumque
1823 3594 2130 3672 relinquat
2157 3618 2170 3654 :

435 3706 678 3771 tempus
710 3693 895 3752 inane
925 3703 1087 3769 pet0,
1122 3691 1394 3768 requiem
1427 3692 1815 3769 spatiumque
1844 3693 2055 3767 furori,

436 3796 582 3854 dum
613 3812 751 3852 mea
781 3810 879 3850 me
910 3790 1135 3850 victam
1165 3790 1388 3849 doceat
1417 3789 1665 3848 fortuna
1697 3791 1925 3853 dolere.

2435 732 2537 784 405

2435 1430 2536 1477 410

2436 1927 2534 1979 415

2434 2428 2534 2475 420

2433 2926 2529 2977 425

2433 3425 2529 3476 430
