2796 4287
262 311 520 380 583·⁶4⁶·]
955 300 1089 364 The
1145 299 1304 365 Tale
1349 300 1433 382 qs
1480 299 1661 382 Troy.

261 493 578 571 Nusquam
612 493 825 565 abere,
859 501 921 552 et
949 501 1149 552 tutum
1179 491 1378 570 patrio
1407 500 1470 551 te
1500 491 1707 551 limine
1738 489 1997 551 sistam.'

261 593 526 668 Dixerat,
560 602 630 654 et
662 592 885 671 spissis
913 593 1115 653 noctis
1146 610 1214 652 se
1244 591 1527 652 condidit
1555 589 1804 651 umbris.

727 808 901 850 Vinion
928 808 980 850 of
1005 808 1091 849 the
1117 808 1239 849 Pate
1265 807 1316 849 of
1342 807 1487 858 ‘ra-oy.

333 927 668 1005 Adparent
698 926 868 987 dirae
897 925 1091 986 facies
1121 924 1493 1003 inimicaque
1523 924 1745 985 Troiae

258 1027 503 1086 numina
533 1046 771 1106 magna
800 1027 1001 1086 deum.

258 1126 408 1186 Tum
438 1146 591 1187 vero
624 1145 811 1186 omne
843 1124 995 1185 mihi
1021 1125 1222 1186 visum
1255 1125 1581 1186 considere
1611 1125 1673 1184 in
1706 1124 1867 1203 ignis

261 1226 434 1286 Ilium
464 1236 531 1287 et
561 1246 642 1287 ex
673 1226 799 1285 imo
832 1225 986 1286 verti
1018 1224 1335 1303 Neptunia
1362 1224 1586 1297 Troia3

261 1344 328 1385 ac
353 1326 548 1387 veluti
583 1325 845 1387 summis
876 1325 1195 1404 antiquam
1226 1324 1289 1385 in
1320 1325 1637 1386 montibus
1668 1343 1884 1386 ornum

260 1444 390 1485 cum
419 1428 590 1487 ferro
623 1426 894 1487 accisam
926 1425 1282 1503 crebrisque
1314 1425 1695 1502 bipennibus
1726 1425 1960 1485 instant

261 1544 465 1587 eruere
497 1526 815 1606 agricolae
846 1526 1143 1600 certatim,
1168 1526 1380 1585 —illa
1410 1545 1607 1604 usque
1638 1526 1907 1585 minatur

263 1636 321 1685 et
346 1628 719 1688 tremefacta
748 1645 988 1687 comam
1021 1645 1327 1686 concusso
1350 1626 1580 1686 vertice
1611 1635 1805 1699 nutat,

263 1726 618 1787 volneribus
649 1727 852 1786 donec
881 1726 1179 1805 paulatim
1209 1726 1411 1786 evicta
1441 1744 1792 1803 supremum

265 1826 634 1904 congemuit,
667 1826 973 1905 traxitque
1005 1826 1162 1904 iugis
1195 1827 1407 1887 avolsa
1436 1826 1691 1885 ruinam.

913 2041 1155 2084 Counoelo
1182 2041 1234 2083 of
1261 2040 1443 2094 might.

271 2161 621 2235 Descendo,
656 2179 729 2220 ac
758 2141 1024 2220 ducente
1054 2161 1174 2219 deo
1204 2160 1513 2219 flammam
1551 2160 1708 2220 inter
1736 2170 1799 2220 et
1828 2159 2024 2221 hostis

270 2262 593 2338 expedior3
643 2261 797 2320 dant
826 2261 950 2319 tela
980 2260 1200 2332 locum,
1233 2259 1641 2337 flammaeque
1671 2260 1984 2320 recedunt.

768 2474 1011 2517 Stubborn
1040 2474 1240 2516 Refusal
1269 2474 1321 2517 of
1345 2474 1602 2516 Anchiseo.

348 2598 558 2675 Atque
589 2593 697 2655 ubi
728 2592 848 2652 iam
878 2592 1113 2670 patriae
1143 2603 1506 2671 perventum
1538 2594 1616 2654 ad
1646 2593 1858 2653 limina
1887 2593 2054 2654 sedis

271 2696 686 2775 antiquasque
718 2694 954 2766 domm,
986 2693 1245 2772 genitor,
1281 2712 1467 2771 quem
1496 2694 1710 2754 tollere
1742 2693 1803 2752 in
1836 2694 1994 2754 altos

270 2797 561 2872 optabam
591 2788 855 2873 primum
874 2794 1117 2879 ‘montis
1147 2793 1534 2872 primumque
1566 2793 1872 2872 petebam,

272 2897 537 2975 abnegat
560 2894 770 2955 excisa
793 2893 981 2954 vitam
1011 2895 1353 2971 producere
1386 2893 1574 2954 Troia

272 2996 676 3074 exsiliumque
708 2993 855 3072 pati.
948 2995 1112 3055 ‘Vos
1142 2995 1217 3068 Ο,
1253 2994 1480 3072 quibus
1511 2994 1748 3072 integer
1778 2993 1911 3054 aevi

272 3096 565 3174 sanguis,'
598 3095 686 3155 ait
718 3102 733 3129 ‘
753 3094 1112 3172 solidaeque
1142 3113 1255 3155 suo
1286 3104 1457 3155 stant
1487 3095 1707 3155 robore
1734 3094 1913 3167 vireS,

271 3213 377 3256 vos
407 3196 641 3274 agitate
669 3195 880 3273 fugam
906 3217 919 3254 :

273 3313 363 3356 me
393 3296 449 3357 si
478 3294 819 3357 caelicolae
848 3293 1191 3354 voluissent
1220 3295 1447 3355 ducere
1475 3293 1682 3381 vitam,

272 3394 381 3456 has
411 3395 563 3455 mihi
595 3403 954 3461 servassent
984 3394 1185 3455 sedes.
1276 3393 1442 3455 Satis
1472 3413 1595 3453 una
1623 3411 1929 3471 superque

273 3495 532 3557 vidimus
563 3494 846 3556 exscidia
875 3504 937 3555 et
968 3504 1186 3573 captae
1217 3492 1642 3573 superavimus
1672 3492 1825 3553 urbi.

278 3595 372 3657 Sic
401 3598 459 3659 O
489 3597 582 3656 sic
614 3594 890 3673 positum
920 3593 1116 3655 adfati
1145 3594 1447 3655 discedite
1479 3612 1720 3670 corpus.

278 3697 414 3774 Ipse
446 3715 639 3756 manu
670 3702 931 3754 mortem
964 3693 1304 3767 inveniam3
1352 3691 1742 3752 miserebitur
1769 3688 1968 3749 hostis

276 3797 647 3875 exuviasque
678 3801 886 3871 petet3
930 3793 1132 3853 facilis
1162 3793 1396 3853 iactura
1427 3789 1710 3868 sepulcri.

2268 313 2350 381 57

2252 488 2353 540 620

2255 1224 2353 1291 625
