2796 4287
282 335 514 402 41-103.]
868 320 1003 385 The
1047 322 1372 406 Landing
1416 324 1485 386 in
1532 322 1787 406 Africa.

285 512 548 572 conubio
579 512 840 591 iungam
870 513 1077 573 stabili
1107 513 1540 592 propriamque
1572 514 1810 587 dicab0,

286 612 479 671 omnis
510 621 582 672 ut
612 622 827 672 tecum
857 612 1090 673 meritis
1118 632 1231 690 pro
1261 614 1488 673 talibus
1525 633 1723 674 annos

287 711 500 789 exigat,
534 722 601 772 et
631 712 895 790 pulchra
923 711 1113 771 faciat
1142 720 1205 771 te
1235 713 1407 790 prole
1440 716 1798 790 parentem!

365 813 604 872 Aeolus
632 812 796 872 haec
826 821 1077 872 contra:
1123 810 1139 836 ‘
1159 814 1349 885 TuuS‚
1384 813 1442 873 O
1473 813 1702 891 regina,
1736 814 1886 891 quid
1914 825 2093 892 optes

289 913 601 991 explorare
631 913 846 986 labor;
893 912 1043 971 mihi
1073 912 1243 973 iussa
1275 932 1600 990 capessere
1629 915 1729 974 fas
1758 924 1871 975 est.

291 1014 383 1072 Tu
410 1013 582 1087 mihi,
618 1013 1058 1091 quodcumque
1088 1013 1210 1072 hoc
1239 1013 1431 1092 regni,
1464 1023 1531 1073 tu
1562 1025 1807 1091 sceptra
1841 1018 2170 1092 Iovemque

290 1113 604 1187 concilias,
636 1122 706 1173 tu
737 1113 854 1173 das
884 1113 1084 1190 epulis
1115 1115 1478 1173 accumbere
1510 1114 1733 1187 divom,

292 1213 763 1289 nimborumque
796 1211 953 1272 facis
982 1221 1543 1290 tempestatumque
1573 1216 1929 1290 potentem.'

1044 1362 1146 1402 The
1174 1362 1352 1403 Storm.

374 1466 553 1525 Haec
590 1464 695 1524 ubi
726 1464 913 1535 dicta,
948 1482 1165 1521 cavum
1198 1482 1498 1523 conversa
1527 1464 1781 1541 cuspide
1814 1476 2084 1524 montem

294 1562 529 1641 impulit
560 1563 632 1622 in
661 1563 860 1623 latus:
908 1581 981 1622 ac
1008 1561 1196 1635 venti,
1230 1561 1397 1621 velut
1427 1563 1669 1641 agmine
1703 1564 1887 1636 facto,

274 1684 404 1745 „qua
431 1665 594 1725 data
619 1673 818 1742 porta,
852 1673 1037 1722 ruunt
1066 1672 1129 1722 et
1159 1672 1355 1722 terras
1385 1661 1630 1721 turbine
1661 1661 1937 1738 perflant.

292 1766 639 1825 Incubuere
669 1763 838 1838 mari,
873 1773 1194 1840 totumque
1226 1782 1263 1821 a
1293 1763 1548 1822 sedibus
1585 1761 1721 1821 imis

291 1883 405 1924 una
434 1867 768 1941 Eurusque
801 1865 1131 1940 Notusque
1161 1872 1347 1922 ruunt
1378 1863 1712 1938 creberque
1744 1861 2030 1938 procellis

293 1965 558 2039 Africus,
595 1973 658 2024 et
686 1974 900 2024 vastos
930 1963 1186 2023 volvunt
1218 1963 1297 2021 ad
1330 1962 1511 2022 litora
1539 1961 1781 2021 fluctus.

296 2066 651 2143 Insequitur
679 2056 1035 2141 clamorque
1065 2063 1263 2122 virum
1294 2062 1642 2139 stridorque
1673 2061 2016 2120 rudentum.

297 2167 580 2244 Eripiunt
609 2165 817 2225 subito
850 2165 1048 2223 nubes
1079 2164 1442 2240 caelumque
1474 2163 1761 2240 diemque

295 2266 672 2326 Teucrorum
703 2285 779 2324 ex
808 2264 1041 2338 oculis;
1088 2274 1281 2341 ponto
1313 2283 1438 2322 nox
1469 2262 1720 2322 incubat
1751 2273 1899 2322 atra.

299 2351 631 2425 Intonuere
661 2364 807 2443 poli,
842 2374 904 2424 et
936 2364 1163 2423 crebris
1196 2363 1381 2422 micat
1413 2363 1659 2440 ignibus
1691 2363 1916 2435 aether,

296 2475 809 2542 praesentemque
839 2463 989 2523 viris
1019 2463 1330 2544 intentant
1360 2462 1567 2521 omnia
1596 2472 1870 2521 mortem.

372 2565 705 2642 Extemplo
735 2568 990 2624 Aeneae
1021 2563 1342 2623 solvuntur
1370 2563 1597 2640 frigore
1627 2564 1935 2622 membra:

297 2664 568 2743 ingemit,
603 2674 666 2723 et
695 2663 961 2741 duplicis
993 2663 1258 2722 tendens
1289 2662 1370 2722 ad
1401 2662 1604 2723 sidera
1635 2664 1873 2740 palmas

296 2766 435 2825 talia
462 2783 628 2825 voce
656 2764 877 2823 refert:
923 2759 940 2787 ‘
962 2763 1020 2823 O
1049 2772 1264 2841 terque
1297 2773 1636 2841 quaterque
1666 2762 1849 2834 beati,

299 2865 425 2942 quis
457 2874 610 2925 ante
641 2883 750 2924 ora
777 2872 1023 2941 patrum
1051 2862 1277 2923 Troiae
1308 2863 1425 2922 sub
1456 2862 1779 2922 moenibus
1811 2862 1952 2922 altis

299 2965 556 3044 contigit
585 2967 915 3043 oppetere!
954 2986 965 3020 r
1004 2962 1063 3024 O
1096 2964 1383 3022 Danaum
1414 2961 1747 3021 fortissime
1775 2962 1977 3040 gentis

300 3066 574 3144 Tydide!
667 3066 857 3124 Mene
894 3062 1101 3123 Iliacis
1132 3064 1499 3122 occumbere
1531 3061 1765 3139 campis

301 3184 416 3225 non
447 3165 750 3244 potuisse,
785 3174 1017 3241 tuaque
1049 3163 1316 3222 animam
1347 3162 1509 3221 hanc
1540 3162 1857 3221 effundere
1888 3162 2121 3233 dextra,

301 3283 519 3325 saevus
548 3265 657 3325 ubi
688 3262 1007 3324 Aeacidae
1028 3264 1164 3348 vtelo
1195 3262 1354 3322 iacet
1387 3263 1642 3335 Hector,
1677 3261 1781 3321 ubi
1814 3261 2030 3339 ingens

305 3366 638 3443 Sarpedon,
674 3364 784 3425 ubi
812 3371 909 3424 tot
942 3362 1165 3423 Simois
1197 3371 1478 3439 correpta
1508 3362 1623 3421 sub
1655 3361 1838 3420 undis

302 3475 472 3525 scuta
502 3465 701 3524 virum
729 3463 1072 3542 galeasque
1103 3472 1165 3523 et
1195 3461 1378 3522 fortia
1411 3480 1669 3538 corpora
1699 3459 1888 3519 volvit
1910 3460 1932 3519 ?
1953 3458 1968 3486 '

987 3611 1090 3652 The
1117 3611 1419 3663 ShIpwreck.

378 3718 553 3777 Talia
584 3713 851 3777 iactanti
884 3712 1154 3774 stridens
1188 3711 1499 3788 Aquilone
1531 3709 1802 3788 procella

302 3817 492 3878 velum
521 3819 795 3879 adversa
824 3810 987 3885 ferit,
1020 3810 1370 3885 fluctusque
1402 3810 1481 3869 ad
1512 3809 1715 3868 sidera
1746 3807 1922 3867 tollit.

2322 726 2387 782 75

2327 2874 2391 2927 95

2303 3369 2397 3406 100
