2796 4287
421 318 549 366 120
1237 304 1298 363 T
1286 306 1368 367 lte
1414 305 1691 368 AEnez‘d.
2222 314 2414 380 [Boon
2452 317 2518 367 V.

1055 577 1259 629 Voyage
1286 577 1498 618 Toward
1529 577 1671 625 Italy.

437 696 867 854 INTEREA
897 694 1166 754 medium
1199 698 1448 753 Aeneas
1481 694 1601 752 iam
1626 695 1827 754 classe
1860 696 2111 755 tenebat

549 805 753 854 certus
784 794 915 867 iter,
949 795 1296 872 fluctusque
1329 805 1498 855 atros
1531 795 1841 873 Aquilone
1873 796 2145 869 secabat,

415 894 659 954 moenia
688 895 1042 972 respicienS,
1078 915 1235 972 quae
1266 895 1388 954 iam
1420 895 1685 954 infelicis
1720 895 1956 955 Elissae

415 996 747 1055 conlucent
777 995 1055 1054 flammis.
1147 995 1324 1069 Quae
1357 1004 1596 1054 tantum
1626 996 1977 1056 accenderit
2009 997 2229 1074 ignem,

415 1114 604 1154 causa
632 1095 784 1153 latet
812 1119 825 1168 3
874 1095 1009 1154 duri
1043 1115 1266 1173 magno
1300 1096 1414 1154 sed
1447 1115 1651 1154 amore
1684 1097 1929 1155 dolores
2491 1128 2518 1180 5

415 1195 668 1271 pollut0‚
705 1205 1041 1271 notumque
1073 1197 1286 1255 furens
1319 1196 1469 1271 quid
1500 1195 1731 1254 femina
1761 1197 1976 1273 possit,

416 1295 590 1354 triste
618 1314 729 1371 per
759 1295 1077 1373 augurium
1111 1298 1489 1354 Teucrorum
1522 1305 1775 1372 pectora
1805 1297 2057 1357 ducunt.

501 1396 588 1454 Ut
617 1395 873 1473 pelagus
906 1405 1158 1454 tenuere
1189 1405 1370 1467 rateS‚
1407 1415 1522 1455 nec
1553 1396 1676 1453 iam'
1706 1396 1967 1472 amplius
2000 1397 2122 1454 ulla

418 1495 683 1554 occurrit
713 1495 911 1567 telluS‚
946 1496 1138 1553 maria
1169 1497 1442 1571 undique
1474 1505 1537 1554 et
1567 1496 1839 1571 undique
1872 1496 2127 1568 caelum,

417 1595 523 1654 olli
553 1595 871 1654 caeruleus
901 1614 1088 1671 supra
1118 1606 1303 1672 caput
1334 1595 1575 1654 adstitit
1612 1595 1823 1667 imber,
2268 1632 2278 1641 ·
2456 1629 2516 1664 10

418 1705 665 1754 noctem
696 1695 1087 1772 hiememque
1116 1698 1340 1769 ferenS‚
1376 1705 1439 1754 et
1471 1695 1772 1755 inhorruit
1804 1697 1970 1756 unda
2001 1696 2289 1757 tenebris

421 1798 564 1872 Ipse
593 1796 967 1872 gubernator
995 1796 1187 1873 puppi
1222 1795 1545 1854 Palinurus
1578 1797 1655 1855 ab
1683 1796 1841 1855 alta:

419 1894 433 1920 ‘
458 1897 604 1954 Heu
633 1899 645 1954 1
692 1896 983 1972 quianam
1013 1895 1169 1955 tanti
1200 1895 1524 1955 cinxerunt
1554 1896 1804 1955 aethera
1834 1897 2069 1957 nimbi?

422 1995 685 2069 Quidve,
719 2005 894 2072 pater
926 1998 1231 2072 Neptune,
1267 1998 1494 2073 paras?
1520 1996 1535 2023 ’
1626 1995 1726 2055 Sic
1759 1996 1984 2055 deinde
2016 1998 2258 2056 locutus

420 2095 707 2174 colligere
739 2115 908 2155 arma
932 2096 1104 2156 iubet
1134 2095 1479 2173 validisque
1510 2095 1865 2156 incumbere
1897 2096 2097 2171 remiS,
2454 2129 2512 2182 15

418 2196 818 2274 obliquatque
850 2197 1022 2256 sinus
1054 2196 1116 2254 in
1147 2206 1417 2270 ventum,
1452 2217 1523 2255 ac
1553 2198 1702 2256 talia
1730 2199 1927 2257 fatur:

419 2295 434 2321 ‘
461 2299 528 2355 M
535 2297 859 2373 agnanime
891 2300 1124 2369 Aenea,
1159 2317 1301 2369 non,
1336 2296 1388 2355 si
1419 2297 1567 2355 mihi
1601 2298 1877 2375 Iuppiter
1907 2308 2120 2358 auctor

382 2442 387 2447 .
418 2397 741 2474 spondeat,
776 2397 899 2458 hoc
928 2416 1170 2474 sperem
1205 2397 1448 2456 Italiam
1479 2398 1834 2476 contingere
1868 2399 2061 2462 caelo·

422 2496 646 2556 Mutati
677 2506 1026 2557 transversa
1052 2498 1323 2556 fremunt
1351 2506 1417 2556 et
1446 2517 1701 2574 vespere
1731 2498 1810 2556 ab
1843 2509 1975 2558 atro

419 2607 798 2675 consurgunt
828 2597 1014 2670 venti,
1050 2605 1235 2674 atque
1267 2596 1326 2654 in
1362 2598 1590 2656 nubem
1622 2598 1859 2675 cogitur
1889 2604 2007 2660 ae'r.
2448 2631 2512 2667 20

309 2685 321 2699 ¹
419 2699 479 2756 N
484 2716 554 2755 ec
585 2717 700 2755 nos
731 2696 931 2758 obniti
961 2706 1194 2769 contra,
1230 2716 1347 2757 nec
1375 2698 1632 2757 tendere
1663 2708 1903 2758 tantum

418 2797 769 2856 sufficimus,
862 2799 1123 2874 Superat
1155 2797 1447 2873 quoniam
1482 2799 1769 2872 Fortuna,
1803 2818 2149 2875 sequamur,

419 2916 664 2975 quoque
696 2906 894 2970 vocat,
928 2907 1238 2957 vertamus
1269 2897 1400 2958 iter.
1494 2900 1628 2958 Nec
1658 2899 1838 2959 litora
1867 2900 2049 2976 longe

416 2999 542 3057 fida
572 3016 709 3057 reor
735 2997 1009 3057 fraterna
1034 2997 1245 3076 Erycis
1275 3008 1613 3075 portusque
1647 2999 1921 3071 SicanOS,

417 3097 469 3156 si
501 3098 685 3157 modo
715 3097 830 3157 rite
861 3116 1095 3157 memor
1124 3107 1367 3157 servata
1397 3098 1689 3157 remetior
1718 3100 1922 3159 astra.'
2448 3131 2476 3166 2
2484 3130 2512 3182 5

499 3199 659 3255 Tum
689 3196 828 3275 pius
861 3200 1108 3257 Aeneas
1139 3220 1150 3257 :
1197 3195 1213 3222 ‘
1237 3197 1539 3274 Equidem
1571 3198 1660 3258 sic
1690 3218 1945 3275 poscere
1970 3207 2191 3258 ventos

415 3297 776 3358 iamdudum
809 3306 869 3358 et
898 3299 1127 3356 frustra
1157 3316 1344 3358 cerno
1377 3308 1438 3358 te
1470 3298 1724 3359 tendere
1756 3308 2005 3360 contra:

417 3398 597 3458 flecte
628 3397 794 3458 viam
824 3397 994 3461 velis,
1083 3401 1183 3458 An
1216 3397 1296 3459 sit
1327 3397 1477 3457 mihi
1506 3398 1734 3476 gratior
1765 3399 1905 3473 ulla,

416 3517 618 3576 quove
650 3498 848 3576 magis
877 3500 1079 3559 fessas
1111 3509 1317 3576 optem
1349 3499 1673 3559 demittere
1705 3519 1913 3573 naveS‚

415 3618 600 3677 quam
631 3618 789 3675 quae
825 3599 1206 3658 Dardanium
1238 3599 1422 3658 tellus
1453 3598 1601 3657 mihi
1632 3609 1838 3659 servat
1870 3603 2158 3674 Acesten,
2448 3631 2512 3683 30

414 3707 476 3758 et
505 3698 698 3775 patris
732 3698 1041 3757 Anchisae
1074 3697 1304 3775 gremio
1335 3698 1764 3774 complectitur
1793 3703 1978 3759 ossa?
2005 3701 2019 3727 '

417 3799 596 3857 Haec
626 3796 728 3856 ubi
762 3796 944 3873 dicta,
978 3806 1197 3874 petunt
1226 3807 1457 3874 portuS,
1493 3807 1554 3856 et
1584 3799 1720 3857 vela
1752 3800 2009 3859 secundi
