2796 4287
340 280 463 343 168
1149 279 1282 342 The
1327 279 1608 343 AEneid.
2101 290 2292 356 [Βοοκ
2330 291 2425 340 v1.

333 473 678 531 caeruleam
709 473 972 532 advertit
1002 472 1274 549 puppim,
1310 472 1602 549 ripaeque
1631 473 2021 550 propinquat.
2327 500 2426 548 410

336 573 492 631 Inde
525 573 676 631 alias
708 573 961 645 animas,
996 592 1154 649 quae
1184 591 1293 649 per
1324 572 1468 649 iuga
1499 572 1683 649 longa
1713 573 2032 644 sedebant,

334 673 637 746 deturbat,
671 673 957 749 laxatque
986 673 1191 744 foros;
1242 672 1423 731 simul
1454 672 1680 749 accipit
1712 672 1887 731 alveo

334 772 647 850 ingentem
679 775 953 832 Aenean.
1044 773 1293 832 Gemuit
1323 773 1439 831 sub
1470 773 1743 849 pondere
1774 773 1994 850 cymba

335 873 552 946 sutiliS,
585 884 648 933 et
676 874 929 932 multam
959 873 1203 950 accepit
1231 872 1460 931 rimosa
1488 872 1791 949 paludem.

334 974 615 1033 Tandem
646 983 814 1033 trans
844 973 1096 1053 fluvium
1127 972 1453 1057 incolumis
1483 983 1807 1049 vatemque
1837 972 2157 1050 virumque
2327 1002 2426 1055 415

334 1072 579 1131 informi
611 1073 755 1131 limo
785 1073 1128 1150 glaucaque
1162 1073 1417 1149 exponit
1449 1073 1510 1130 in
1543 1074 1700 1131 ulva.

774 1253 1007 1295 Cerberus
1034 1266 1096 1294 on
1124 1254 1209 1294 the
1237 1254 1523 1295 Threshold.

418 1374 724 1433 Cerberus
758 1373 910 1431 haec
942 1372 1160 1450 ingens
1193 1374 1415 1431 latratu
1448 1392 1636 1450 regna
1667 1373 1910 1444 trifauci

331 1483 637 1550 personat,
674 1474 933 1532 adverso
963 1475 1268 1533 recubans
1299 1473 1585 1532 immanis
1616 1473 1678 1531 in
1710 1482 1904 1531 antro,

1226 3226 1479 3267 Cumanus.

329 3376 447 3436 Cui
476 3385 667 3450 vateS,
701 3377 946 3437 horrere
975 3377 1195 3437 videns
1226 3377 1348 3436 iam
1380 3379 1539 3438 colla
1571 3377 1855 3450 colubri5‚

326 3477 508 3537 melle
539 3487 889 3554 soporatam
920 3487 983 3538 et
1010 3478 1333 3538 medicatis
1363 3478 1645 3554 frugibus
1677 3478 1862 3536 offam
2326 3496 2429 3549 420

326 3575 532 3635 obicit.
623 3577 735 3636 Ille
765 3579 930 3638 fame
960 3578 1177 3638 rabida
1204 3577 1322 3638 tria
1349 3587 1597 3655 guttura
1625 3578 1910 3656 pandens

327 3676 578 3753 corripit
606 3677 931 3751 obiectam,
969 3687 1154 3755 atque
1185 3678 1476 3739 immania
1506 3688 1677 3756 terga
1705 3677 1956 3739 resolvit

325 3775 503 3871 tusus
531 3775 719 3852 humi,
752 3785 1006 3854 totoque
1038 3776 1256 3856 ingens
1285 3777 1637 3841 extenditur
1666 3786 1862 3840 antro.
