2796 4287
370 287 416 351 6
856 342 863 347 .
1188 286 1322 350 The
1367 287 1648 351 AEneid.
2204 293 2393 361 [Boox
2415 295 2461 343 1.

373 460 555 537 unius
586 478 666 537 ob
697 496 921 537 noxam
951 486 1014 537 et
1042 474 1234 538 furias
1266 477 1478 536 Aiacis
1509 477 1714 539 Oilei?

374 579 540 654 Ipsa,
568 577 735 637 Iovis
765 577 1046 654 rapidum
1077 577 1343 636 iaculata
1375 597 1410 636 e
1441 577 1709 637 nubibus
1739 577 1958 656 ignem,

373 676 740 753 disiecitque
771 686 937 736 rates
967 677 1309 754 evertitque
1340 696 1614 753 aequora
1641 677 1861 751 ventiS,

372 776 542 836 illum
573 776 988 853 exspirantem
1018 777 1315 836 transfixo
1345 786 1598 854 pectore
1627 777 1906 837 flammas

372 876 614 936 turbine
645 876 936 954 corripuit
967 877 1349 954 scopuloque
1381 876 1580 936 infixit
1610 886 1808 936 acuto,
2393 886 2462 943 45

371 979 489 1036 Ast
519 995 653 1054 ego,
687 996 846 1053 quae
877 976 1084 1036 divom
1116 976 1339 1035 incedo
1369 976 1599 1054 regina,
1634 976 1924 1053 Iovisque

371 1085 434 1136 et
464 1094 637 1135 soror
666 1085 728 1135 et
757 1076 1043 1148 coniunx,
1077 1095 1200 1134 una
1229 1095 1369 1135 cum
1398 1085 1585 1153 gente
1616 1084 1710 1135 tot
1741 1095 1939 1136 annos

369 1174 534 1236 bella
560 1180 744 1253 gero!
835 1177 912 1235 Et
942 1175 1271 1252 quisquam
1298 1195 1529 1235 numen
1562 1175 1823 1235 Iunonis
1852 1175 2071 1235 adoret

369 1283 708 1352 praeterea,
740 1284 846 1335 aut
877 1276 1135 1353 supplex
1165 1275 1287 1335 aris
1317 1275 1596 1353 imponet
1622 1274 1962 1335 honorem?
1984 1275 1999 1302 '

986 1457 1111 1510 Juno
1139 1459 1236 1499 and
1265 1456 1451 1499 AEolus.

453 1575 633 1646 Talia
662 1576 977 1635 flammato
1008 1593 1218 1635 secum
1250 1576 1368 1635 dea
1398 1577 1587 1636 corde
1618 1576 1905 1636 volutans
2397 1587 2463 1644 50

371 1675 717 1734 nimborum
747 1675 809 1733 in
840 1673 1119 1752 patriam,
1153 1675 1290 1733 loca
1318 1675 1450 1734 feta
1476 1675 1825 1735 furentibus
1855 1676 2094 1747 austris,

371 1774 654 1834 Aeoliam
682 1774 870 1834 venit.
963 1774 1089 1832 Hic
1113 1782 1296 1841 ‚vasto
1327 1792 1436 1833 rex
1466 1774 1701 1833 Aeolus
1733 1782 1911 1833 antro

371 1873 678 1934 luctantes
708 1884 930 1934 ventos
961 1883 1488 1951 tempestatesque
1521 1893 1779 1933 sonoras

371 1973 627 2052 imperio
656 1974 880 2051 premit
909 1993 983 2033 ac
1012 1974 1231 2033 vinclis
1262 1983 1324 2033 et
1353 1993 1600 2034 carcere
1628 1974 1849 2035 frenat.

372 2074 471 2134 Illi
501 2073 897 2152 indignantes
927 2093 1152 2153 magno
1183 2092 1321 2134 cum
1352 2093 1657 2133 murmure
1688 2075 1917 2136 montis
2399 2085 2460 2143 55

369 2175 598 2235 circum
628 2176 896 2235 claustra
923 2176 1230 2249 fremunt3
1275 2175 1446 2235 celsa
1476 2176 1654 2235 sedet
1684 2177 1919 2236 Aeolus
1949 2195 2090 2235 arce

370 2285 615 2353 sceptra
644 2285 881 2348 tenens,
914 2275 1233 2352 mollitque
1265 2274 1504 2334 animos
1536 2284 1599 2334 et
1628 2284 1931 2353 temperat
1962 2276 2100 2334 iras,

370 2375 453 2434 Ni
481 2375 688 2448 faciat,
723 2374 915 2435 maria
945 2395 1019 2435 ac
1046 2384 1240 2435 terras
1271 2375 1634 2451 caelumque
1668 2375 2041 2452 profundum

369 2475 598 2553 quippe
627 2475 832 2535 ferant
860 2474 1062 2553 rapidi
1092 2493 1304 2535 secum
1334 2485 1703 2552 verrantque
1734 2494 1844 2552 per
1873 2492 2071 2533 auras,

371 2575 495 2634 Sed
525 2584 700 2652 pater
730 2575 1124 2653 omnipotens
1156 2574 1472 2652 speluncis
1506 2574 1744 2635 abdidit
1776 2574 1942 2647 atriS,
2393 2574 2461 2627 60

365 2673 486 2732 hoc
518 2684 816 2748 metuens,
852 2676 1198 2752 molemque
1228 2685 1292 2734 et
1321 2674 1552 2735 montis
1581 2675 1834 2753 insuper
1862 2675 2022 2735 altos

366 2772 676 2851 imposuit,
710 2793 1037 2851 regemque
1070 2774 1261 2847 dedit,
1297 2774 1403 2851 qui
1430 2775 1685 2834 foedere
1716 2781 1892 2835 certo'

366 2883 429 2932 et
457 2892 732 2951 premere
763 2884 826 2934 et
855 2874 1025 2933 laxas
1057 2873 1243 2934 sciret
1272 2874 1420 2933 dare
1452 2874 1656 2934 iussus
1687 2874 1980 2935 habenas,

366 2974 468 3033 Ad
498 2992 681 3050 quem
711 2983 840 3033 tum
874 2976 1032 3033 Iuno
1063 2973 1323 3052 supplex
1351 2974 1451 3034 his
1481 2975 1740 3035 vocibus
1771 2994 1882 3035 usa
1912 2985 2042 3035 est:

449 3071 464 3097 ‘
481 3074 788 3147 Aeole,—
805 3093 1071 3150 namque
1103 3074 1217 3134 tibi
1248 3074 1455 3134 divom
1479 3085 1657 3152 pater
1680 3085 1865 3153 atque
1889 3075 2206 3135 hominum
2228 3094 2334 3135 rex
2389 3074 2456 3143 65

364 3183 427 3233 et
456 3174 723 3233 mulcere
754 3174 928 3234 dedit
956 3174 1181 3234 fluctus
1211 3184 1274 3234 et
1302 3175 1520 3235 tollere
1551 3185 1852 3250 vent0,—

362 3292 517 3351 gens
547 3272 797 3332 inimica
826 3272 976 3332 mihi
1005 3275 1388 3354 Tyrrhenum
1422 3275 1674 3353 navigat
1704 3294 1950 3352 aequor,

365 3374 547 3434 Ilium
579 3374 641 3432 in
676 3373 919 3433 Italiam
950 3385 1208 3451 portans
1238 3375 1561 3452 victosque
1594 3378 1896 3436 Penates:

362 3473 570 3533 incute
600 3473 721 3533 vim
752 3475 954 3534 ventis
985 3475 1462 3552 submersasque
1493 3477 1684 3535 obrue
1714 3467 1972 3553 puppeS,

364 3583 468 3633 aut
498 3592 610 3651 age
642 3573 921 3634 diversos
951 3584 1013 3634 et
1041 3575 1236 3635 disice
1268 3594 1527 3652 corpora
1556 3585 1768 3652 ponto.
2388 3588 2455 3642 70

366 3675 521 3734 Sunt
551 3673 700 3732 mihi
728 3674 826 3734 bis
859 3684 1098 3752 septem
1127 3675 1471 3753 praestanti
1500 3694 1755 3752 corpore
1792 3675 2115 3754 nymphae,

364 3792 621 3852 quarum
652 3792 810 3853 quae
841 3774 1040 3835 forma
1068 3773 1478 3853 pulcherrima
1509 3776 1806 3851 Deiopea,
