2796 4287
261 306 526 374 693-739.]
983 293 1046 357 T
1034 294 1115 358 lte
1176 293 1335 359 Tale
1381 294 1465 376 of
1511 293 1691 375 Troy.
2288 297 2331 358 6
2344 312 2367 358 1

260 508 416 565 pone
448 488 624 549 subit
657 488 980 548 coniunx:
1024 486 1276 546 ferimur
1305 505 1414 563 per
1445 466 1643 563 opaca
1671 485 1983 558 locorum3
2281 496 2377 553 7²5

263 598 320 647 et
347 608 460 662 me,
498 608 698 667 quem
733 588 976 648 dudum
1005 606 1131 646 non
1162 586 1287 645 ulla
1318 585 1544 645 iniecta
1575 586 1908 645 movebant

263 690 378 749 tela
408 709 620 768 neque
654 688 934 748 adverso
963 686 1287 765 glomerati
1318 705 1393 745 ex
1425 684 1668 763 agmine
1700 685 1866 757 Grai,

264 810 422 850 nunc
451 810 684 851 omnes
719 797 960 849 terrent
990 807 1192 861 aurae,
1227 805 1419 847 sonus
1450 786 1678 846 excitat
1707 784 1910 846 omnis

264 909 640 968 suspensum
673 898 743 949 et
774 887 1005 967 pariter
1034 887 1368 965 comitique
1400 885 1697 963 onerique
1728 885 2063 945 timentem.

828 2512 932 2552 Tun
961 2512 1143 2553 Fuom·
1169 2524 1227 2553 or
1251 2512 1444 2554 AEnm.

364 2667 634 2742 Iamque
668 2660 1163 2740 propinquabam
1193 2661 1405 2739 portiS‚
1441 2680 1810 2738 omnemque
1841 2661 2095 2721 videbar
2292 2671 2389 2723 730

284 2765 563 2824 evasisse
595 2761 781 2835 viam,
816 2760 1022 2821 subito
1053 2780 1191 2820 curn
1222 2761 1437 2821 creber
1467 2763 1548 2821 ad
1578 2761 1740 2821 auris

284 2863 455 2923 visus
486 2863 718 2923 adesse
749 2863 978 2938 pedum
1010 2862 1268 2935 sonituS,
1302 2862 1668 2941 genitorque
1697 2881 1809 2940 per
1837 2861 2111 2920 umbram

285 2963 701 3041 prospicienS,
735 2960 750 2985 ³
773 2963 934 3021 Nate
956 2963 970 2990 '
1002 2963 1320 3036 exclamat,
1355 2961 1369 2986 ²
1389 2965 1535 3042 fuge
1567 2973 1731 3034 nate,
1764 2961 2215 3040 propinquant!

287 3063 592 3125 Ardentis
624 3062 864 3138 clipeos
896 3071 1080 3139 atque
1111 3083 1254 3123 aera
1285 3063 1577 3123 micantia
1608 3082 1792 3122 cerno
1815 3063 1862 3121 1’

999 3277 1126 3320 Losa
1154 3279 1206 3320 of
1233 3279 1435 3321 Cresiu-

379 3398 506 3457 Hic
536 3394 690 3455 mihi
723 3394 936 3455 nescio
966 3397 1133 3474 quod
1165 3398 1409 3475 trepido
1441 3397 1599 3457 male
1631 3416 1857 3456 numen
1891 3392 2153 3452 amicum
2296 3401 2392 3455 735

287 3498 623 3557 confusam
655 3493 881 3571 eripuit
912 3508 1194 3557 mentem.
1288 3501 1574 3575 Namque
1609 3497 1745 3557 avia
1775 3514 1957 3555 cursu

290 3596 436 3656 dum
470 3613 726 3674 sequor,
762 3603 824 3654 et
853 3605 998 3655 nota
1027 3599 1262 3658 excedo
1292 3599 1543 3676 regione
1575 3598 1824 3669 viarum,

293 3697 429 3770 heu,
465 3696 705 3756 misero
738 3694 1004 3755 coniunx
1032 3697 1243 3757 fatone
1274 3708 1487 3775 erepta
1519 3700 1753 3757 Creusa

294 3797 593 3868 substitit,
633 3792 940 3855 erravitne
968 3795 1084 3870 via,
1119 3815 1230 3856 seu
1260 3797 1426 3857 lassa
1455 3797 1702 3869 resedit,
