2796 4287
60 357 75 508 Ι

274 319 538 385 599-663·]
596 307 873 370 AEneas
907 307 977 370 in
1008 307 1236 389 Sicily.
1333 309 1467 371 The
1491 309 1787 372 Funeral
1806 309 2068 372 Games.

268 499 398 574 quis
430 498 741 576 prohibet
771 517 981 559 muros
1011 499 1211 559 iacere
1243 508 1305 559 et
1335 500 1483 560 dare
1515 499 1753 561 civibus
1785 501 2036 562 urbem?

265 598 318 656 Ο
346 598 557 675 patria
591 607 662 658 et
690 598 854 675 rapti
885 599 1261 676 nequiquam
1292 619 1367 659 ex
1398 600 1578 659 hoste
1612 602 1898 672 Penates,

265 698 516 759 nullane
548 699 684 758 iam
715 698 942 759 Troiae
972 699 1257 759 dicentur
1286 699 1569 760 moenia?
1658 702 1981 778 Nusquam

265 797 633 859 Hectoreos
666 817 900 872 amnes,
933 799 1251 858 Xanthum
1282 809 1344 859 et
1378 800 1715 875 Simoenta,
1749 800 2020 860 videbo?

263 897 429 970 Quin
461 899 644 977 agite
675 909 739 958 et
769 918 1008 959 mecum
1038 900 1343 960 infaustas
1375 900 1609 986 exurite
1641 920 1897 978 puppes,

263 998 422 1057 Nam
454 999 621 1058 mihi
657 1001 1051 1059 Cassandrae
1080 1019 1191 1078 per
1219 1019 1506 1060 somnum
1536 1001 1697 1060 vatis
1726 1001 1929 1078 imago

262 1098 562 1158 ardentes
598 1099 751 1158 dare
782 1098 915 1159 visa
943 1099 1151 1160 faces:
1196 1101 1320 1159 Ηίι·
1342 1102 1608 1178 quaerite
1643 1102 1883 1160 Troiam
1902 1125 1926 1168 ,-

260 1195 352 1254 hic
375 1199 601 1258 domus
627 1207 719 1257 est
743 1197 942 1276 inquit
972 1201 1146 1260 vobit.
1241 1203 1372 1258 Iam
1404 1209 1648 1277 tempus
1679 1200 1776 1278 agi
1807 1219 1923 1272 reS,

262 1312 373 1354 nec
405 1298 614 1357 tantis
646 1316 818 1357 mora
846 1298 1162 1376 prodigiis.
1255 1302 1349 1359 En
1381 1308 1674 1377 quattuor
1704 1319 1844 1359 arae

264 1390 612 1468 Neptuno;
662 1392 818 1452 deus
849 1393 981 1471 ipse
1010 1394 1184 1454 faces
1216 1394 1613 1473 animumque
1645 1395 1991 1456 ministrat.'

835 1591 940 1633 The
966 1592 1181 1634 Women
1211 1594 1320 1634 Fire
1345 1593 1432 1634 the
1459 1594 1619 1645 Ships.

346 1705 537 1766 Haec
572 1724 941 1778 memoranS,
975 1705 1172 1783 prima
1203 1707 1516 1765 infensum
1546 1708 1606 1767 vi
1637 1708 1889 1785 corripit
1920 1710 2141 1786 ignem,

265 1804 644 1883 sublataque
674 1806 889 1883 procul
921 1806 1138 1865 dextra
1166 1806 1388 1866 conixa
1418 1817 1718 1879 coruscat,

263 1910 324 1959 et
353 1903 506 1966 iacit
532 1929 545 1964 ε
595 1914 869 1964 arrectae
900 1915 1138 1966 mentes
1170 1907 1644 1984 stupefactaque
1676 1907 1863 1966 corda

268 2001 556 2064 Iliadum.
651 2003 779 2064 Hic
807 2024 932 2064 una
961 2024 995 2064 e
1026 2006 1253 2079 multis,
1287 2026 1446 2083 quae
1477 2006 1742 2066 maxima
1773 2017 1941 2077 natu,

268 2101 484 2182 Pyrgo,
523 2114 616 2165 tot
649 2103 874 2165 Priami
906 2108 1187 2166 natorum
1218 2106 1384 2185 regia
1416 2106 1653 2166 nutrix:

265 2196 280 2223 ‘
300 2204 442 2264 Non
478 2208 678 2266 Beroe
707 2203 905 2279 vobiS,
940 2225 1065 2265 non
1092 2182 1608 2279 haethoeteia,
1643 2217 1890 2279 matre8‚

266 2312 358 2362 est
390 2305 654 2384 Dorycli
684 2303 987 2379 coniunx3
1036 2306 1228 2366 divini
1258 2306 1438 2384 signa
1469 2307 1710 2367 decoris

269 2404 685 2482 ardentesque
716 2414 929 2465 notate
960 2407 1175 2466 oculos
1203 2430 1215 2479 3
1264 2406 1367 2483 qui
1401 2407 1652 2483 spiritus
1683 2407 1787 2478 illi,

269 2503 368 2576 qui
396 2505 630 2577 voltuS,
662 2504 957 2582 vocisque
988 2525 1196 2579 sonuS,
1231 2506 1327 2565 vel
1357 2525 1609 2583 gressus
1639 2506 1827 2567 eunti.

271 2601 411 2678 Ipsa
443 2613 695 2682 egomet
724 2604 958 2664 dudum
991 2607 1226 2666 Beroen
1258 2606 1540 2683 digressa
1570 2606 1790 2683 reliqui

270 2718 531 2780 aegram,
565 2703 1008 2781 indignantem,
1042 2704 1152 2764 tali
1183 2706 1349 2781 quod
1381 2705 1516 2764 sola
1546 2716 1779 2765 careret

270 2817 535 2877 munere,
571 2822 689 2862 nec
718 2802 971 2863 meritos
1002 2804 1317 2864 Anchisae
1348 2804 1600 2864 inferret
1633 2806 1941 2866 honores)

273 2899 446 2964 Haec
478 2903 686 2964 effata.
1154 2970 1160 2975 ,

345 3006 432 3063 At
463 3012 695 3063 matres
723 3003 922 3081 primo
952 3003 1272 3081 ancipites,
1306 3005 1626 3082 oculisque
1656 3005 1940 3083 malignis

271 3104 590 3181 ambiguae
622 3112 905 3180 spectare
935 3114 1099 3164 rates
1129 3103 1421 3164 miserum
1453 3104 1612 3164 inter
1641 3124 1910 3164 amorem

269 3202 610 3274 praesentis
640 3212 837 3263 terrae
868 3203 1138 3281 fatisque
1168 3205 1457 3264 vocantia
1487 3224 1692 3282 regna,

268 3317 399 3362 cum
430 3304 555 3382 dea
584 3321 654 3362 se
681 3302 936 3380 paribus
965 3322 1077 3381 per
1106 3304 1346 3363 caelum
1377 3304 1626 3364 sustulit
1657 3305 1789 3378 alis,

267 3396 699 3480 ingentemque
730 3404 880 3481 fuga
909 3403 1108 3464 secuit
1138 3405 1253 3465 sub
1285 3404 1556 3464 nubibus
1586 3425 1811 3465 arcum.

275 3498 418 3562 Tum
448 3522 597 3564 vero
630 3503 932 3575 attonitae
962 3505 1254 3565 monstris
1286 3515 1588 3582 actaeque
1617 3507 1821 3565 furore

264 3602 669 3675 conclamant,
703 3603 1073 3681 rapiuntque
1104 3605 1262 3664 focis
1292 3605 1714 3683 penetralibus
1746 3605 1951 3682 ignem
1978 3627 1993 3677 ς

262 3717 397 3775 pars
428 3702 706 3781 spoliant
737 3721 893 3777 aras,
925 3703 1210 3764 frondem
1246 3723 1319 3764 ac
1348 3703 1614 3782 virgulta
1642 3704 1936 3781 facesque

261 3803 590 3863 coniciunt.
682 3801 856 3861 Furit
884 3801 1175 3863 immissis
1204 3804 1524 3863 Volcanus
1554 3804 1814 3863 habenis

263 3908 523 3965 transtra
549 3921 664 3982 per
693 3912 759 3963 et
787 3921 992 3962 remos
1023 3912 1086 3962 et
1114 3904 1315 3980 pictas
1347 3903 1552 3964 abiete
1581 3922 1840 3981 puppes.

2255 329 2373 392 143

2270 1413 2370 1474 640

2262 2624 2361 2689 650
