2796 4287
446 295 535 357 80
1258 289 1320 350 T
1309 289 1390 351 lte
1435 289 1713 352 AEneid.
2200 301 2389 365 [Boon
2425 301 2534 350 111.

447 486 507 542 N
509 503 582 542 ec
609 493 678 543 tu
708 500 1059 542 mensarum
1088 499 1328 540 morsus
1358 481 1647 540 horresce
1674 480 1951 540 futuros:

443 584 574 642 fata
602 581 765 641 viam
795 581 1128 654 invenient,
1162 579 1485 656 aderitque
1514 589 1773 639 vocatus
1804 580 2048 657 Apelle.

994 762 1179 803 ‘Avoid
1205 762 1289 803 the
1317 762 1528 803 Eastern
1555 762 1740 803 εἴκοι-ο)

527 882 696 942 ‘Has
727 892 930 942 autem
960 891 1172 953 terras,
1207 879 1475 957 Italique
1503 881 1667 939 hanc
1695 880 1889 940 litoris
1919 900 2104 954 oram,

444 1001 740 1060 proxuma
769 1001 927 1058 quae
957 980 1153 1039 nostri
1182 980 1571 1056 perfunditur
1602 981 1885 1057 aequoris
1917 991 2110 1054 aestu,

444 1082 646 1160 effuge
669 1106 682 1155 ;
726 1090 950 1141 cuncta
978 1080 1157 1139 malis
1185 1079 1543 1139 habitantur
1573 1081 1817 1140 moenia
1844 1080 2045 1140 Grais,

448 1182 574 1241 Hic
602 1192 665 1241 et
695 1179 1315 1260 Narycii‘posuerunt
1344 1173 1591 1239 moenia
1621 1180 1819 1253 Locri,

445 1293 507 1342 et
538 1281 913 1342 Sallentinos
943 1280 1192 1341 obsedit
1221 1280 1415 1339 milite
1446 1299 1697 1356 campos

445 1382 696 1462 Lyctius
729 1382 1141 1455 Idomeneus3
1184 1380 1288 1439 hic
1316 1380 1422 1439 illa
1451 1380 1626 1440 ducis
1659 1381 1956 1442 Meliboei

442 1502 633 1560 parva
663 1483 1045 1542 Philoctetae
1077 1481 1339 1541 subnixa
1370 1480 1607 1540 Petelia
1635 1499 1825 1540 muro.

445 1583 630 1657 Quin,
664 1583 772 1643 ubi
803 1582 1202 1642 transmissae
1233 1581 1517 1641 steterint
1547 1591 1718 1640 trans
1748 1601 2017 1658 aequora
2046 1582 2297 1656 classeS,

444 1694 505 1743 et
533 1684 754 1761 positis
787 1683 908 1742 aris
938 1683 1061 1741 iam
1090 1692 1237 1742 vota
1265 1682 1330 1741 in
1362 1681 1538 1740 litore
1569 1682 1791 1754 solveS,

442 1804 747 1866 purpureo
777 1784 980 1843 velare
1006 1795 1223 1842 'comas
1254 1782 1589 1859 adopertus
1619 1782 1863 1855 amictu,

443 1905 520 1944 ne
551 1905 675 1963 qua
703 1884 864 1944 inter
893 1893 1144 1943 sanctos
1175 1882 1336 1960 ignis
1367 1882 1430 1940 in
1459 1882 1695 1941 honore
1725 1882 1979 1941 deorum
2024 1959 2035 1974 ο

441 1986 684 2046 hostilis
712 1985 906 2045 facies
937 1993 1218 2044 occurrat
1248 1993 1311 2044 et
1342 1982 1550 2042 omina
1578 1983 1800 2042 turbet.

445 2088 635 2146 Hunc
663 2085 818 2145 socii
845 2103 1078 2143 morem
1109 2102 1439 2157 sacrorum,
1470 2083 1637 2141 hunc
1665 2082 1799 2159 ipse
1828 2091 2073 2143 teneto:

440 2187 559 2245 hac
587 2185 743 2245 casti
773 2194 1062 2244 maneant
1093 2185 1157 2243 in
1186 2183 1482 2262 religione
1513 2191 1788 2261 nepotes,

1055 2369 1184 2412 ‘San
1212 2336 1365 2433 round
1393 2370 1555 2421 Italy)

524 2484 670 2548 ‘Ast
700 2488 805 2548 ubi
836 2488 1179 2567 digressum
1211 2488 1455 2548 Siculae
1486 2498 1547 2547 te
1579 2487 1917 2547 admoverit
1945 2506 2089 2547 orae

439 2596 678 2659 ventuS,
713 2597 776 2646 et
805 2588 1052 2666 angusti
1082 2599 1396 2648 rarescent
1426 2588 1695 2668 claustra
1724 2586 1941 2659 Pelori,

439 2686 613 2746 laeva
639 2686 752 2747 tibi
780 2688 965 2747 tellus
996 2698 1060 2747 et
1087 2689 1274 2765 longo
1306 2688 1481 2747 laeva
1508 2696 1797 2765 petantur

439 2806 708 2864 aequora
737 2773 1029 2847 circuitu:
1075 2788 1358 2847 dextrum
1384 2790 1531 2865 fuge
1562 2788 1706 2848 litus
1736 2797 1798 2848 et
1828 2789 2045 2850 undas·

441 2888 621 2947 Haec
649 2888 786 2947 loca
815 2888 876 2947 vi
907 2888 1221 2965 quondam
1250 2897 1313 2947 et
1342 2898 1518 2948 vasta
1548 2889 1842 2948 convolsa
1868 2888 2151 2948 ruina—-

437 2996 677 3047 tantum
707 2987 844 3048 aevi
874 2987 1212 3066 longinqua
1241 2988 1407 3048 valet
1436 2998 1671 3048 mutare
1700 2998 1978 3049 vetustas
1997 3023 2085 3034 —

437 3087 781 3148 dissiluisse
811 3089 1035 3161 ferunt,
1070 3102 1209 3147 cum'
1239 3089 1520 3166 protinus
1551 3099 1807 3166 utraque
1836 3088 2019 3149 tellus

427 3180 562 3247 'una
587 3189 781 3261 foret3
827 3189 998 3248 venit
1027 3190 1232 3249 medio
1262 3189 1322 3249 vi
1353 3200 1583 3267 pontus
1614 3199 1676 3250 et
1706 3189 1889 3249 undis

440 3288 816 3365 Hesperium
850 3289 1058 3349 Siculo
1089 3289 1249 3350 latus
1281 3290 1566 3363 abscidit,
1601 3308 1867 3367 arvaque
1897 3299 1959 3349 et
1989 3288 2174 3349 urbes

437 3388 613 3448 litore
645 3389 930 3450 diductas
962 3399 1227 3468 angusto
1257 3390 1529 3451 interluit
1558 3400 1754 3451 aestu.

439 3489 735 3548 Dextrum
770 3478 973 3570 Scylla
1002 3490 1182 3564 latus,
1215 3491 1458 3550 laevum
1487 3490 1818 3567 implacata
1848 3488 2193 3568 Charybdis

435 3586 699 3662 obsidet,
734 3599 918 3667 atque
950 3589 1075 3649 imo
1104 3590 1378 3650 barathri
1409 3600 1503 3650 ter
1530 3590 1771 3669 gurgite
1800 3599 2009 3650 vastos

437 3688 647 3748 sorbet
676 3687 740 3747 in
773 3688 1099 3766 abruptum
1129 3689 1352 3749 fluctus
1382 3709 1715 3768 rursusque
1745 3689 1862 3749 sub
1892 3707 2073 3749 auras

435 3785 614 3866 erigit
644 3788 915 3849 alternos
943 3799 1008 3849 et
1034 3788 1239 3849 sidera
1267 3789 1552 3849 verberat
1580 3790 1763 3851 unda.

2434 593 2533 647 395

2435 1297 2532 1343 40c

2431 1796 2533 1850 405

2427 2500 2532 2549 410

2429 3002 2529 3054 415

2428 3501 2527 3548 420
