2796 4287
262 321 450 388 169-21
462 322 534 392 5.]
795 313 936 378 The
987 314 1419 399 Wanderings
1463 317 1548 400 qs
1579 317 1862 383 AEneas.

264 504 554 579 abstulit3
603 504 995 583 ingeminant
1024 507 1300 584 abruptis
1331 507 1603 569 nubibus
1634 508 1827 587 ignes.

267 605 629 664 Excutimur
658 624 863 679 cursu,
898 614 963 665 et
990 607 1193 666 caecis
1223 626 1497 667 erramus
1528 607 1592 667 in
1623 608 1825 669 undis.

269 706 413 779 Ipse
445 704 617 764 diem
647 715 1017 783 noctemque
1050 717 1235 784 negat
1263 707 1613 768 discernere
1644 707 1818 768 caelo

269 823 383 863 nec
411 804 778 864 meminisse
808 805 946 864 viae
977 807 1182 865 media
1211 807 1536 867 Palinurus
1568 808 1629 867 in
1662 809 1846 869 unda.

269 904 409 964 Tris
440 905 604 964 adeo
633 905 904 966 incertos
936 925 1124 966 caeca
1153 907 1419 985 caligine
1451 908 1613 968 soles

270 1024 544 1064 erramus
576 1005 818 1083 pelage,
851 1005 1106 1066 totidem
1138 1006 1272 1066 sine
1302 1006 1504 1067 sidere
1536 1018 1769 1069 noctes.

272 1106 510 1179 Quarto
541 1115 706 1165 terra
737 1105 837 1165 die
868 1106 1131 1183 primum
1161 1126 1229 1166 se
1261 1108 1541 1167 attollere
1572 1109 1826 1168 tandem

271 1206 419 1279 visa,
455 1205 697 1282 aperire
728 1206 939 1282 procul
969 1207 1212 1280 montis,
1246 1226 1320 1266 ac
1350 1208 1596 1268 volvere
1626 1210 1879 1268 fumum.

272 1306 427 1364 Vela
459 1306 710 1378 cadunt,
743 1305 928 1364 remis
958 1305 1330 1384 insurgimus
1357 1332 1371 1381 ;
1417 1308 1583 1368 haud
1613 1327 1799 1382 mora,
1833 1318 2059 1369 nautae

273 1404 484 1464 adnixi
514 1414 811 1483 torquent
839 1424 1091 1482 spumas
1120 1417 1183 1467 et
1210 1408 1459 1467 caerula
1487 1417 1752 1468 verrunt.

727 1586 832 1628 The
860 1586 1069 1639 Harplen
1095 1588 1147 1629 of
1173 1590 1257 1630 the
1283 1589 1599 1641 Strophades.

358 1689 683 1749 Servatum
714 1707 791 1747 ex
820 1688 1004 1747 undis
1037 1690 1450 1767 Strophadum
1480 1709 1576 1750 me
1609 1691 1788 1751 litora
1815 1692 2076 1768 primum

275 1786 626 1865 accipiunt;
676 1787 1054 1863 Strophades
1082 1789 1272 1849 Graio
1303 1799 1470 1849 stant
1500 1791 1746 1849 nomine
1778 1791 1998 1863 dictae,

274 1887 515 1947 insulae
549 1886 729 1946 Ionio
760 1886 822 1945 in
853 1906 1094 1965 magno,
1128 1908 1282 1966 quas
1312 1888 1447 1948 dira
1478 1890 1751 1950 Celaeno

1125 3382 1349 3424 Hanms.

289 3501 724 3598 Harpyiaeque
755 3517 967 3577 colunt
997 3515 1169 3590 aliae,
1207 3517 1466 3578 Phineia
1495 3529 1822 3597 postquam

285 3620 490 3679 clausa
519 3620 757 3692 domus,
790 3634 1160 3693 mensasque
1192 3627 1359 3678 metu
1389 3618 1622 3697 liquere
1653 3619 1904 3696 prioreS.

289 3719 548 3779 Tristius
578 3719 747 3778 haud
777 3716 897 3777 illis
928 3725 1285 3791 monstrum,
1319 3737 1438 3777 nec
1468 3719 1709 3778 saevior
1737 3719 1861 3777 ulla

287 3819 474 3897 pestis
503 3829 567 3879 et
595 3818 685 3879 ira
713 3819 897 3878 deum
932 3815 1156 3895 Stygiis
1185 3836 1324 3876 sese
1354 3817 1572 3878 extulit
1601 3817 1803 3877 undis,

2287 331 2369 400 73

2279 622 2375 659 200

2280 1122 2374 1175 ²05

2278 1805 2373 1840 210

2283 3823 2378 3876 215
