2796 4287
162 287 172 298 ‘
282 314 544 382 234-295.]
988 302 1118 365 The
1175 302 1332 366 Tale
1378 304 1462 386 ‹zf
1507 303 1692 386 Troy.

283 503 341 553 et
370 496 716 569 Menelaus,
751 502 818 554 et
847 493 984 571 ipse
1015 494 1143 554 doli
1170 494 1508 555 fabricator
1538 496 1759 573 Epeos·

285 593 594 653 Invadunt
624 595 843 654 urbem
873 611 1092 653 somno
1122 593 1392 671 vinoque
1424 595 1764 671 sepultam3

281 693 622 753 caeduntur
649 693 889 771 vigiles,
923 694 1241 771 portisque
1270 694 1631 771 patentibus
1658 694 1862 754 omnis

282 792 593 870 accipiunt
623 792 831 853 socios
863 801 1050 869 atque
1080 793 1326 872 agmina
1354 793 1609 854 conscia
1639 793 1915 872 iungunt.

829 975 1115 1027 App-trition
1142 976 1194 1017 of
1223 975 1421 1018 Hector.

362 1096 644 1172 Tempus
673 1103 823 1167 erat,
857 1112 980 1170 quo
1010 1093 1207 1171 prima
1237 1093 1412 1171 quies
1443 1095 1805 1155 mortalibus
1846 1096 2045 1174 aegris

282 1192 516 1273 incipit,
550 1203 614 1253 et
643 1193 813 1253 dono
842 1192 1051 1252 divom
1080 1192 1433 1271 gratissima
1461 1194 1668 1272 serpit.

286 1297 358 1352 In
388 1293 645 1367 somniS,
678 1312 844 1367 ecce,
878 1302 1022 1353 ante
1052 1293 1269 1353 oculos
1299 1293 1749 1354 maestissimus
1783 1296 2021 1355 Hector

283 1393 453 1453 visus
483 1393 707 1453 adesse
738 1393 906 1467 mihi,
939 1393 1267 1471 largosque
1298 1393 1619 1453 effundere
1648 1394 1848 1467 fletus,

281 1502 563 1571 raptatus
591 1492 771 1571 bigis,
804 1502 874 1552 ut
903 1492 1237 1569 quondam,
1272 1502 1525 1571 aterque
1555 1503 1812 1554 cruento

279 1594 555 1670 pulvere,
584 1610 818 1669 perque
848 1592 1043 1670 pedes
1073 1592 1366 1653 traiectus
1396 1594 1528 1653 lora
1563 1594 1875 1654 tumentis,

283 1693 353 1753 Ei
383 1693 556 1766 mihi,
591 1692 792 1769 qualis
821 1702 970 1766 erat,
1005 1703 1303 1770 quantum
1334 1702 1607 1753 mutatus
1637 1695 1717 1754 ab
1747 1694 1854 1754 illo

284 1795 584 1866 Hectore,
618 1792 724 1869 qui
752 1791 914 1852 redit
944 1792 1196 1852 exuvias
1226 1792 1480 1853 indutus
1512 1794 1757 1868 Achilli,

278 1895 372 1954 vel
409 1895 704 1952 Danaum
735 1891 1035 1971 Phrygios
1063 1892 1369 1953 iaculatus
1400 1893 1711 1971 puppibus
1739 1894 1919 1973 igniS,

280 1994 672 2072 squalentem
701 1993 959 2053 barbam
989 2001 1053 2052 et
1083 2002 1409 2053 concretos
1441 1994 1742 2072 sanguine
1772 1995 1961 2055 crinis

277 2096 659 2172 volneraque
689 2092 794 2152 illa
821 2110 1063 2171 gerens»,
1099 2111 1258 2171 quae
1290 2093 1519 2153 circum
1552 2094 1813 2172 plurima
1841 2114 2048 2156 muros

279 2194 527 2273 accepit
554 2193 807 2272 patrios.
898 2194 1081 2252 Ultro
1110 2193 1266 2253 flens
1298 2192 1433 2272 ipse
1464 2194 1722 2255 videbar

278 2294 654 2373 compellare
682 2281 878 2354 virum
908 2304 972 2355 et
1001 2307 1271 2356 maestas
1305 2314 1661 2374 expromere
1691 2314 1911 2355 voces:

278 2394 362 2456 ‘O
390 2396 503 2454 lux
536 2394 911 2469 Dardaniae,
944 2414 1090 2473 spes
1122 2397 1180 2457 Ο
1210 2396 1511 2456 fidissima
1540 2397 1867 2468 Teucrum,

277 2515 428 2572 quae
460 2504 970 2572 tantae-tenuere
1002 2514 1208 2555 morae
1234 2499 1256 2556 ?
1345 2496 1591 2571 Quibus
1624 2497 1862 2555 Hector
1892 2497 1973 2556 ab
2002 2497 2127 2557 oris

274 2604 640 2673 exspectate
667 2595 888 2655 venis?
975 2597 1066 2657 Ut
1094 2606 1157 2657 te
1192 2606 1334 2674 post
1364 2596 1558 2655 multa
1586 2604 1828 2655 tuorum

271 2697 517 2771 funera,
548 2704 695 2773 post
722 2695 929 2755 varios
961 2695 1404 2774 hominumque
1438 2695 1731 2772 urbisque
1761 2695 2003 2757 labores

273 2797 498 2858 defessi
539 2794 919 2873 aspicimus!
1007 2796 1186 2871 Quae
1219 2815 1411 2856 causa
1441 2794 1697 2873 indigna
1725 2814 1980 2856 serenos

272 2897 546 2957 foedavit
579 2895 826 2954 voltus?
917 2898 1045 2955 Aut
1072 2915 1181 2956 cur
1208 2897 1366 2955 haec
1394 2895 1649 2955 volnera
1678 2914 1865 2955 cerno
1885 2897 1937 2955 ?'

352 2998 466 3058 Ille
498 2994 681 3068 nihil,
715 3013 834 3053 nec
864 3013 961 3055 me
992 3006 1393 3072 quaerentem
1423 3015 1586 3055 vana
1614 3006 1899 3068 moratur,

273 3099 376 3158 sed
405 3096 689 3177 graviter
715 3093 985 3173 gemitus
1013 3094 1138 3155 imo
1169 3095 1248 3155 de
1278 3105 1528 3173 pectore
1560 3095 1813 3169 ducenS,

272 3194 288 3220 ³
306 3199 449 3258 Heu
480 3198 655 3275 fuge,
690 3204 838 3254 nate
869 3194 1004 3269 dea,
1037 3204 1223 3272 teque
1253 3194 1369 3268 his,
1405 3194 1509 3268 ait,
1543 3194 1711 3272 eripe
1741 3195 2022 3256 flammis.

274 3298 494 3358 Hostis
525 3296 728 3356 habet
758 3312 1005 3369 muros3
1049 3295 1172 3355 ruit
1201 3295 1330 3355 alto
1360 3314 1398 3354 a
1428 3294 1694 3355 culmine
1725 3294 1930 3354 Troia.

273 3398 377 3458 Sat
405 3396 656 3477 patriae
688 3393 1059 3472 Priamoque
1090 3395 1303 3455 datum
1328 3419 1341 3454 ι
1387 3394 1440 3454 si
1475 3397 1773 3472 Pergama
1803 3394 2018 3453 dextra

269 3497 522 3557 defendi
553 3501 844 3574 possent,
877 3493 1061 3553 etiam
1090 3495 1209 3554 hac
1240 3495 1501 3554 defensa
1530 3494 1812 3553 fuissent.

272 3597 457 3657 Sacra
487 3612 777 3671 suosque
807 3591 922 3653 tibi
951 3594 1344 3654 commendat
1373 3593 1562 3653 Troia
1597 3593 1876 3671 penatis:

268 3695 380 3757 hos
409 3715 571 3775 cape
603 3694 881 3752 fatorum
910 3694 1184 3767 comites,
1219 3693 1316 3752 his
1348 3690 1593 3753 moenia
1622 3690 1850 3773 quaere

269 3813 508 3875 magna,
542 3799 875 3873 pererrato
903 3801 1139 3853 statues
1170 3812 1330 3870 quae
1361 3791 1630 3868 denique
1660 3792 1891 3870 pont0.'

2286 315 2371 384 45

2285 1307 2381 1355 270

2285 1807 2379 1860 275

2283 2296 2381 2346 280

2283 2797 2377 2862 285

2282 3309 2378 3359 290

2282 3803 2377 3856 295
