2796 4287
291 312 544 378 93-140-]
1001 304 1182 367 Dido
1227 305 1376 367 and
1415 304 1694 369 AEneas.

288 495 390 553 hic
422 498 823 574 hymenaeus
853 497 1004 556 erit.’
1022 532 1109 542 —
1127 498 1270 557 Non
1303 496 1629 556 adversata
1655 496 1891 573 petenti

287 594 537 667 adnuit,
577 604 764 671 atque
796 596 954 654 dolis
983 595 1117 655 risit
1147 596 1457 674 Cytherea
1486 594 1759 672 repertis

970 812 1073 853 'rho
1100 811 1254 853 Hunt.

371 931 718 992 Oceanum
749 931 983 991 interea
1013 949 1271 1007 surgens
1302 933 1543 992 Aurora
1571 930 1831 1009 reliquit.

285 1032 346 1089 It
378 1030 598 1107 portis
627 1029 841 1089 iubare
873 1039 1082 1090 exorto
1113 1029 1353 1090 delecta
1382 1030 1699 1101 iuventus;

200 1209 204 1211 Y
283 1130 448 1189 retia
482 1148 648 1202 rara,
683 1130 922 1206 plagae,
954 1130 1078 1188 lato
1108 1129 1416 1189 venabula
1444 1129 1622 1200 ferro,

287 1229 701 1310 Massylique
732 1238 918 1288 ruunt
945 1228 1184 1306 equites
1215 1238 1277 1288 et
1305 1229 1497 1288 odora
1527 1249 1749 1290 canum
1780 1232 1890 1291 vis.

286 1330 619 1407 Reginam
649 1329 925 1388 thalamo
954 1338 1346 1389 cunctantem
1379 1329 1460 1388 ad
1490 1329 1699 1388 limina
1728 1331 1907 1407 primi

289 1431 662 1491 Poenorum
694 1439 1072 1505 exspectant,
1107 1439 1396 1505 ostroque
1428 1428 1689 1507 insignis
1719 1440 1780 1490 et
1810 1449 1957 1491 auro

286 1540 417 1591 stat
448 1529 738 1606 sonipeS‚
773 1547 846 1588 ac
874 1529 1050 1588 frena
1075 1530 1250 1589 ferox
1280 1529 1630 1605 spumantia
1658 1531 1908 1590 mandit.

286 1632 588 1691 Tandem
621 1628 1029 1706 progreditur,
1064 1649 1287 1708 magna
1316 1628 1584 1705 stipante
1616 1640 1873 1702 caterva,

285 1729 630 1791 Sidoniam
664 1727 843 1805 picto
871 1730 1251 1810 chlamydem
1284 1728 1662 1789 circumdata
1692 1729 1896 1788 limbo.

289 3604 416 3666 Cui
449 3601 778 3680 pharetra
805 3615 876 3657 ex
903 3620 1064 3676 auro,
1098 3601 1298 3662 crines
1329 3601 1637 3662 nodantur
1667 3599 1727 3659 in
1761 3616 1993 3672 aurum,

289 3721 494 3764 aurea
527 3713 914 3776 purpuream
944 3702 1253 3762 subnectit
1283 3701 1476 3761 fibula
1505 3710 1755 3760 vestem.

289 3806 352 3864 N
355 3821 438 3861 ec
472 3816 622 3858 non
655 3800 727 3850 et
755 3792 990 3876 Phrygii
1020 3801 1276 3860 comites
1308 3810 1371 3860 et
1400 3801 1596 3859 laetus
1627 3799 1799 3857 Iulus

2320 321 2408 388 97

2320 1045 2341 1081 r
2349 1045 2413 1098 30

2321 1544 2412 1596 ¹35

2336 3808 2428 3855 140
