2796 4287
393 317 480 380 30
1207 301 1271 363 T
1260 301 1344 365 lte
1388 301 1665 366 AEneid.

391 492 657 552 maxima
685 501 965 553 natarum
999 492 1241 566 Priami,
1275 493 1559 570 colloque
1589 492 1816 553 monile

390 592 694 666 bacatum,
729 603 791 652 et
822 592 1130 670 duplicem
1159 592 1419 670 gemmis
1452 611 1723 670 auroque
1755 611 2064 653 coronam.

392 693 572 750 Haec
603 692 880 751 celerans
910 691 1025 752 iter
1054 692 1131 751 ad
1164 711 1355 751 naves
1386 692 1685 752 tendebat
1716 692 2114 787 Achatesy

1887 786 1982 839 ff

1056 874 1184 916 New
1209 875 1326 916 Arte
1354 876 1406 916 of
1432 876 1616 917 Venus.
1853 882 1858 886 ’

472 993 558 1051 At
588 992 895 1071 Cytherea
923 1011 1119 1052 novas
1151 1001 1334 1065 arteS‚
1368 1012 1530 1051 nova
1558 1003 1808 1071 pectore
1837 1002 2043 1052 versat

387 1090 663 1162 consilia,
696 1100 764 1150 ut
793 1091 1014 1150 faciem
1045 1101 1318 1151 mutatus
1349 1101 1412 1150 et
1442 1111 1550 1151 ora
1581 1092 1828 1170 Cupido

387 1209 499 1267 pro
529 1188 696 1249 dulci
727 1190 1003 1251 Ascanio
1030 1191 1258 1264 veniat,
1293 1191 1599 1268 donisque
1629 1192 1936 1251 furentem

387 1289 681 1350 incendat
710 1290 1001 1368 reginam,
1036 1300 1221 1367 atque
1253 1291 1502 1351 ossibus
1533 1289 1806 1368 implicet
1836 1291 2075 1369 ignem;

387 1390 615 1467 quippe
646 1391 895 1450 domum
925 1390 1100 1450 timet
1131 1391 1482 1468 ambiguam
1513 1391 1857 1469 Tyriosque
1888 1391 2214 1468 bilinguis;

386 1490 506 1550 urit
536 1500 710 1549 atrox
742 1493 919 1565 Iun0,
952 1500 1014 1550 et
1043 1492 1160 1551 sub
1192 1500 1437 1550 noctem
1468 1509 1613 1550 cura
1642 1500 1931 1550 recursat,

389 1592 551 1668 Ergo
579 1590 677 1649 his
709 1589 1001 1668 aligerum
1033 1589 1217 1650 dictis
1247 1591 1496 1649 adfatur
1527 1593 1851 1649 Amorem:

1066 1775 1221 1828 cupid
1247 1776 1497 1827 Appealed
1521 1781 1591 1817 to.

469 1891 485 1918 ‘
506 1892 685 1967 Nate,
720 1913 895 1953 meae
924 1893 1103 1967 vires,
1136 1913 1274 1952 mea
1305 1912 1530 1971 magna
1558 1893 1840 1971 potentia
1870 1895 2055 1966 solus,

386 2003 548 2068 nate,
580 1994 772 2071 patris
803 1993 1025 2054 summi
1055 1993 1159 2071 qui
1192 1994 1316 2053 tela
1344 1994 1647 2085 Typhoea
1675 1994 1920 2066 temniS‚

387 2094 466 2153 ad
495 2102 557 2153 te
588 2093 878 2172 confugio
910 2104 970 2154 et
1000 2080 1259 2172 supplex
1290 2103 1396 2154 tua
1428 2094 1681 2153 numina
1710 2113 1919 2172 posco.

388 2194 601 2253 Frater
629 2204 697 2253 ut
727 2198 975 2254 Aeneas
1003 2194 1225 2272 pelago
1255 2204 1397 2254 tuus
1429 2195 1638 2254 omnia
1666 2195 1894 2254 circum

384 2293 564 2354 litora
593 2293 865 2368 iactetur,
881 2294 1041 2354 odiis
1076 2295 1334 2354 Iunonis
1371 2294 1640 2372 iniquae,

348 2402 536 2482 ‘nota
563 2392 695 2468 tibi,
728 2381 795 2452 et⁴
819 2402 1033 2453 nostro
1062 2393 1314 2453 doluisti
1345 2413 1533 2471 saepe
1563 2396 1792 2455 dolore.

298 2517 323 2558 μ
389 2495 580 2552 Hunc
611 2493 952 2554 Phoenissa
983 2503 1155 2553 tenet
1187 2494 1355 2554 Dido
1382 2495 1758 2573 blandisque
1788 2505 2059 2555 moratur
2117 2517 2128 2534 ι

386 2593 680 2668 vocibus;
724 2604 787 2654 et
815 2613 1046 2668 vereor,
1081 2613 1203 2670 quo
1235 2613 1302 2653 se
1336 2595 1602 2654 Iunonia
1631 2583 1873 2654 vertant

386 2694 689 2773 hospitia3
734 2697 902 2755 haud
930 2706 1107 2755 tanto
1138 2694 1412 2755 cessabit
1441 2695 1689 2754 cardine
1719 2714 1936 2754 rerum.

388 2795 696 2869 Quocirca
723 2814 944 2873 capere
976 2805 1120 2856 ante
1151 2795 1310 2855 dolis
1340 2805 1403 2854 et
1434 2795 1678 2873 cingere
1708 2796 1955 2854 flamma

387 2895 661 2973 reginam
690 2896 970 2970 meditor,
1003 2915 1082 2956 ne
1114 2916 1236 2972 quo
1269 2914 1335 2955 se
1366 2894 1617 2954 numine
1649 2905 1860 2969 mutet,
1881 2891 1934 2936 ἢ»
1971 2921 2008 2944 ¹«⁵
2059 2905 2144 2978 ἢ

387 2996 499 3056 sed
510 3015 751 3082 magno
782 2999 1033 3056 Aeneae
1064 3014 1303 3055 mecum
1335 3004 1621 3054 teneatur
1650 3014 1872 3055 amore.

389 3077 535 3171 Qua
557 3097 762 3156 facere
794 3096 857 3157 id
887 3096 1108 3175 possiS,
1143 3106 1419 3156 nostram
1450 3115 1616 3155 nunc
1646 3095 1859 3171 accipe
1888 3106 2177 3156 mentem.

388 3196 624 3276 Regius
654 3196 857 3256 accitu
885 3196 1011 3257 cari
1039 3196 1340 3274 genitoris
1371 3197 1452 3276 ad
1481 3197 1695 3255 urbem

390 3295 707 3357 Sidoniam
735 3316 889 3374 puer
918 3296 1004 3356 ire
1034 3306 1227 3382 parat,
1261 3315 1400 3356 mea
1432 3295 1699 3355 maxima
1728 3314 1891 3369 cura,

387 3396 555 3457 dona
581 3396 805 3469 serem,
838 3397 1060 3474 pelago
1090 3405 1151 3455 et
1181 3396 1444 3455 flammis
1473 3395 1773 3456 restantia
1800 3394 2063 3456 Troiae:

385 3495 552 3555 hunc
582 3515 697 3574 ego
727 3496 996 3575 sopitum
1026 3514 1245 3556 somno
1276 3515 1462 3573 super
1492 3497 1617 3555 alta
1649 3495 1918 3575 Cythera

388 3605 495 3656 aut
523 3615 707 3674 super
738 3596 1001 3657 Idalium
1035 3605 1277 3658 sacrata
1307 3597 1457 3660 sede
1487 3596 1838 3669 recondam,

387 3716 466 3757 ne
498 3716 620 3774 qua
650 3697 805 3756 scire
835 3669 1013 3756 dolos
1044 3683 1360 3757 mediusve
1391 3715 1709 3756 occurrere
1740 3694 1956 3771 possit.

386 3799 485 3857 Tu
513 3794 735 3855 faciem
765 3795 930 3857 illius
961 3805 1207 3858 noctem
1237 3815 1363 3866 non
1395 3789 1658 3872 amplius
1690 3813 1874 3853 unam

2222 307 2410 375 [Boox
2435 308 2478 356 Ι.

2374 2496 2473 2558 670
