2796 4287
362 325 446 374 10
1169 308 1231 370 T
1219 309 1302 371 lte
1346 307 1627 371 AEneid.
1829 400 1832 403 Ι
2171 316 2361 383 [Boox
2395 317 2437 366 1.

878 516 981 556 The
1007 516 1232 567 Lauding
1258 516 1308 556 in
1334 514 1516 556 Africa.

441 621 690 715 Qefessi
720 609 1073 692 Aeneadae,
1109 639 1265 697 quae
1296 619 1572 696 proxima
1602 619 1797 692 litora,
1832 639 2014 707 cursu

355 704 740 779 coritendunt
768 729 994 797 petere,
1028 730 1092 778 et
1122 719 1356 809 Libyae
1387 708 1706 803 vertuntur
1736 718 1815 776 ad
1845 737 2002 776 oras,

358 822 468 879 Est
498 820 561 878 in
589 804 844 895 secessu
874 820 1061 896 longo
1090 819 1297 877 locus:
1345 817 1548 876 insula
1578 814 1821 894 portum

355 920 540 979 efficit
569 918 815 978 obiectu
844 919 1120 992 laterum,
1156 918 1378 995 quibus
1412 918 1612 977 omnis
1645 918 1880 1011 ab‘alto
1905 955 1918 967 ,
2347 917 2442 966 160

352 1020 654 1097 frangitur
683 1020 868 1097 inque
901 1019 1072 1078 sinus
1103 1018 1333 1090 scindit
1363 1037 1502 1078 sese
1534 989 1703 1078 ui'sda
1732 1018 2037 1078 reductos,
2329 1028 2406 1113 χ

359 1120 528 1178 Hinc
559 1129 744 1196 atque
774 1119 921 1177 hinc
950 1128 1164 1178 vastae
1193 1104 1383 1195 rupes*
1406 1108 1761 1196 geminique
1788 1118 2101 1188 minantur

355 1220 418 1297 in
450 1219 687 1278 caelum
716 1219 970 1297 scopuli,
1005 1216 1271 1297 quorum'
1295 1219 1412 1278 sub
1442 1219 1671 1278 vertice
1702 1218 1825 1277 late

356 1338 623 1397 aequora
654 1329 786 1379 tuta
818 1302 1034 1393 silent3
1082 1328 1212 1378 tum
1243 1318 1513 1423 silgiffss‘c
1555 1337 1673 1377 ena
1702 1318 1975 1377 coruscis

356 1420 622 1495 desuper
650 1419 1046 1496 horrentique
1079 1429 1275 1478 atrum
1306 1436 1523 1478 nemus
1554 1418 1832 1477 imminet
1861 1419 2094 1477 umbra.
2349 1415 2442 1482 165

360 1521 587 1577 Fronte
618 1520 732 1578 sub
766 1502 1025 1578 adversa
1055 1519 1327 1596 scopulis
1357 1519 1775 1595 pendentibus
1807 1526 2065 1590 antrum,

356 1620 520 1677 intus
552 1624 763 1695 aquae'
782 1620 993 1678 dulces
1023 1619 1287 1695 vivoque
1317 1618 1538 1678 sedilia
1568 1638 1734 1691 sam,

357 1718 759 1796 nympharum
790 1719 1046 1778 domus:
1091 1718 1193 1776 hic
1222 1718 1425 1776 fessas
1453 1736 1579 1776 non
1609 1716 1856 1776 vincula
1885 1715 2061 1774 navis

357 1818 480 1876 ulla
508 1827 739 1891 tenent,
773 1837 935 1879 unco
966 1837 1091 1876 non
1123 1785 1592 1894 alligfff'ancora
1621 1835 1844 1884 morsu.

360 1920 505 1976 Huc
534 1928 773 1995 septem
804 1904 1053 1994 Aeneas
1085 1916 1362 1976 collectis
1394 1917 1656 1975 navibus
1686 1914 1855 1974 omni
2350 1925 2443 1975 170

930 2094 937 2101 ..
1036 2086 1043 2093 x

928 2104 937 2115 g

357 2117 589 2196 egressi
620 2127 835 2195 optata
864 2136 946 2202 po
977 2100 1182 2196 iistitur
1212 2118 1408 2177 Troes
1441 2136 1643 2189 arena,

358 2228 420 2277 et
449 2218 576 2277 sale
607 2217 879 2277 tabentis
909 2227 1078 2301 artus
1109 2217 1172 2275 in
1204 2217 1380 2276 litore
1411 2226 1668 2294 ponunt.

312 2296 452 2378 ‘Ac
481 2318 742 2395 primum
774 2317 928 2377 silici
962 2316 1292 2403 scintillam
1320 2317 1573 2376 excudit
1604 2317 1912 2389 Achates,

244 2425 247 2426 ’
330 2419 753 2520 suscepitque
784 2417 989 2495 ignem
1018 2417 1202 2490 foliis,
1237 2412 1422 2494 atque
1455 2416 1627 2475 arida
1655 2416 1882 2474 circum
2352 2424 2447 2479 175

358 2499 729 2576 nutrimenta
759 2517 949 2590 dedit,
982 2518 1306 2594 rapuitque
1338 2517 1402 2575 in
1431 2516 1646 2576 fomite
1676 2516 2044 2626 flammat&

359 2620 519 2676 Tum
553 2619 839 2677 Cererem
871 2627 1221 2694 corruptam
1253 2613 1438 2706 undis
1470 2616 1873 2694 Cerealiaque
1903 2610 2097 2673 arma*

359 2717 694 2793 expediunt
722 2681 1129 2791 fesshertiffi‘,
1154 2718 1487 2796 frugesque
1517 2726 1799 2793 receptas

359 2826 419 2876 et
450 2807 677 2875 torrere
707 2796 928 2893 par'aiit
959 2797 1222 2898 flammis
1251 2827 1315 2876 et
1343 2803 1628 2894 frangere
1660 2798 1827 2875 saxo.

357 2039 433 2077 ex
461 2037 718 2097 numero
750 2017 950 2076 subit·
1000 2037 1072 2075 ac
1102 2036 1329 2127 magno
1357 2016 1593 2075 telluris
1624 2034 1829 2074 amore

1092 2108 1113 2129 χ

902 2998 1005 3039 The
1032 2998 1191 3040 Chase
1218 2989 1315 3040 and
1344 2998 1508 3040 Feast.

447 3102 696 3159 Aeneas
728 3100 1049 3176 scopulum
1079 3099 1316 3160 interea
1345 3100 1730 3173 conscendit,
1763 3109 1826 3159 et
1856 3116 2100 3159 omnem
2356 3092 2450 3143 ¹80

361 3207 757 3275 prospectum
788 3198 910 3257 late
940 3199 1162 3276 pelago
1196 3199 1369 3275 petit,
1406 3200 1655 3258 Anthea
1686 3198 1739 3258 si
1770 3217 1951 3275 quem

364 3298 660 3356 iactatum
690 3308 877 3384 vento
907 3298 1117 3358 videat
1147 3295 1569 3377 Phrygiasque
1599 3298 1866 3386 biremis,

365 3407 470 3457 aut
502 3399 736 3478 Capyn,
772 3407 877 3457 aut
906 3397 1090 3459 celsis
1120 3398 1184 3457 in
1214 3399 1527 3476 puppibus
1559 3418 1727 3470 arma
1760 3397 1949 3459 Caici.

367 3501 604 3557 Navem
635 3498 697 3556 in
729 3508 1069 3575 conspectu
1099 3499 1348 3571 nullam,
1382 3499 1492 3560 tris
1523 3499 1700 3558 litore
1731 3517 1945 3558 cervos

365 3597 661 3703 prospicit
692 3598 986 3671 errantis;
1033 3599 1149 3658 hos
1178 3607 1310 3658 tota
1341 3565 1619 3657 afmefi'ta
1649 3583 1991 3675 sequuntur
2360 3591 2453 3659 185

367 3718 404 3757 a
433 3707 623 3775 terg0,
659 3708 719 3758 et
750 3697 999 3775 longum
1029 3717 1139 3775 per
1169 3698 1346 3758 vallis
1375 3699 1650 3775 pascitur
1680 3717 1919 3776 agmen.

368 3797 666 3860 Constitit
694 3798 812 3871 hic,
848 3816 1178 3874 arcumque
1210 3817 1396 3857 manu
1428 3798 1768 3874 celerisque
1799 3796 2059 3875 sagittas
