2796 4287
235 326 416 378 514-57
427 312 495 378 5·]
930 299 1110 362 Dido
1155 301 1299 364 and
1338 300 1445 363 AE
1445 322 1619 364 neas.

229 511 433 552 rursus
465 511 645 569 agam
674 492 922 569 pelago,
957 500 1021 550 et
1047 490 1249 552 ventis
1281 492 1428 551 dare
1458 492 1597 552 vela
1625 492 1890 553 iubebo?

229 592 393 665 Quin
424 610 681 665 morere,
717 601 789 652 ut
817 590 1034 651 merita
1064 610 1150 665 eS,
1182 592 1468 669 ferroque
1500 602 1706 652 averte
1736 592 2031 653 dolorem.

229 692 320 749 Tu
348 691 620 751 lacrimis
651 691 857 751 evicta
886 690 1058 763 meis,
1091 700 1158 750 tu
1188 691 1384 768 prima
1414 692 1720 752 furentem

228 790 336 864 his,
366 810 686 869 germana,
720 790 898 850 malis
927 809 1151 851 oneras
1180 801 1367 868 atque
1397 791 1595 852 obicis
1624 792 1809 853 hosti.

230 893 369 950 Non
397 891 578 951 licuit
607 891 867 950 thalami
895 901 1210 967 expertem
1240 892 1376 951 sine
1407 892 1661 952 crimine
1690 893 1880 953 vitam

226 992 465 1070 degere,
500 1010 674 1051 more
702 991 889 1064 ferae,
923 991 1079 1051 tales
1112 1011 1226 1051 nec
1255 1001 1508 1070 tangere
1538 1011 1717 1052 curas
1743 997 1757 1052 1

227 1093 364 1151 Non
395 1101 653 1151 servata
684 1090 842 1150 fides
872 1089 1062 1149 cineri
1093 1091 1398 1167 promissa
1433 1092 1710 1171 Sychaeo
1734 1096 1747 1151 1
1768 1092 1782 1118 '

225 1192 462 1251 Tantos
494 1190 606 1249 illa
635 1209 752 1250 suo
781 1191 1104 1267 rumpebat
1134 1201 1384 1268 pectore
1417 1201 1693 1269 questus·

705 1372 889 1414 AEnea·
919 1372 1085 1424 orged
1110 1374 1176 1424 by
1204 1374 1443 1424 Mer-cury.

303 1495 563 1552 Aeneas
593 1490 763 1550 celsa
794 1490 855 1549 in
888 1491 1097 1569 puppi,
1132 1492 1253 1550 iarn
1284 1502 1490 1552 certus
1520 1493 1725 1566 eundi,

222 1592 520 1669 carpebat
552 1609 827 1663 somnoS,
862 1592 1045 1651 rebus
1077 1590 1198 1650 iam
1228 1592 1342 1651 rite
1372 1592 1619 1670 paratis.

228 1691 392 1750 Huic
424 1710 496 1751 se
525 1691 729 1750 forma
761 1690 863 1749 dei
892 1691 1064 1750 voltu
1095 1692 1412 1752 redeuntis
1442 1694 1660 1753 eodem

226 1791 448 1851 obtulit
481 1791 546 1849 in
579 1788 834 1864 somnis,
867 1810 1201 1869 rursusque
1231 1791 1317 1852 ita
1347 1792 1480 1852 visa
1509 1812 1758 1853 monere
1789 1802 1885 1853 est
1912 1828 1996 1837 —

228 1891 433 1950 omnia
465 1890 780 1949 Mercurio
811 1889 1047 1965 similis,
1082 1911 1421 1969 vocemque
1452 1894 1840 1969 coloremque

229 2000 288 2050 et
314 1990 508 2051 crinis
542 1990 738 2050 flavos
770 1999 835 2049 et
865 1992 1140 2051 membra
1169 1993 1393 2052 decora
1424 1993 1674 2052 iuventa
1698 2017 1709 2051 :

228 2091 417 2151 ‘Nate
449 2090 589 2163 dea,
624 2100 806 2170 potes
836 2091 956 2152 hoc
987 2092 1103 2152 sub
1135 2111 1283 2152 casu
1315 2093 1540 2152 ducere
1572 2112 1841 2165 somnos»,

232 2210 359 2266 nec,
392 2211 558 2269 quae
587 2201 650 2251 te
681 2192 911 2251 circum
942 2201 1109 2252 stent
1139 2193 1366 2253 deinde
1397 2195 1684 2271 pericula,
1720 2194 1936 2266 cernis,

232 2291 503 2364 demenS,
539 2311 656 2351 nec
685 2293 999 2371 Zephyros
1029 2293 1208 2352 audis
1238 2293 1471 2370 spirare
1503 2294 1855 2353 secundos?

236 2392 344 2451 Illa
373 2391 559 2451 dolos
589 2391 913 2469 dirumque
946 2393 1123 2452 nefas
1153 2393 1218 2451 in
1247 2401 1497 2470 pectore
1525 2403 1747 2465 versat,

234 2502 395 2552 certa
425 2491 600 2565 mori,
634 2491 929 2568 varioque
960 2492 1184 2552 irarum
1214 2492 1472 2553 fluctuat
1502 2503 1694 2553 aestu.

238 2592 371 2650 Non
402 2591 571 2669 fugis
601 2592 747 2650 hinc
778 2611 1095 2670 praeceps,
1129 2593 1275 2651 dum
1306 2593 1712 2670 praecipitare
1744 2596 2055 2670 potestas?

240 2692 365 2750 Iam
394 2710 563 2751 mare
594 2691 829 2750 turbari
860 2692 1154 2766 trabibuS,
1190 2712 1532 2769 saevasque
1562 2692 1804 2752 videbis

238 2791 555 2850 conlucere
585 2791 776 2864 faceS,
810 2791 930 2850 iam
959 2793 1197 2851 fervere
1226 2792 1409 2851 litora
1437 2792 1716 2865 flammis,

240 2889 288 2948 si
312 2899 374 2950 te
405 2890 504 2950 his
536 2890 810 2967 attigerit
841 2891 1019 2951 terris
1051 2895 1292 2951 Aurora
1321 2903 1684 2952 morantem.

244 2990 399 3049 Heia
429 3009 563 3068 age,
598 3009 811 3067 rumpe
841 3009 1060 3051 moras.
1150 2992 1408 3051 Varium
1439 3001 1501 3052 et
1530 2993 1821 3051 mutabile
1855 3012 2096 3068 semper

241 3088 505 3150 femina!
599 3088 703 3150 Sic
731 3091 914 3164 fatus,
948 3091 1116 3151 nocti
1148 3111 1214 3152 se
1247 3090 1582 3152 immiscuit
1613 3102 1797 3153 atrae.

874 3272 978 3314 The
1006 3273 1289 3325 nepa-ture.

320 3392 478 3451 Tum
509 3410 658 3451 vero
690 3392 957 3464 Aeneas,
993 3392 1215 3451 subitis
1247 3392 1571 3452 exterritus
1603 3393 1851 3465 umbriS,

247 3490 485 3568 corripit
515 3510 550 3549 e
583 3508 804 3549 somno
836 3509 1074 3567 corpus,
1111 3491 1438 3567 sociosque
1468 3493 1722 3570 fatigat:

246 3586 649 3668 ‘Praecipites
682 3588 947 3666 vigilate,
981 3591 1111 3666 viri,
1146 3601 1208 3651 et
1239 3591 1545 3651 considite
1575 3592 1894 3665 transtris3

246 3689 453 3749 solvite
483 3690 624 3749 vela
658 3688 783 3747 citi.
810 3726 815 3731 -
877 3692 1045 3750 Deus
1078 3691 1325 3751 aethere
1357 3691 1582 3751 missus
1616 3692 1692 3750 ab
1726 3691 1851 3749 alto

246 3787 528 3847 festinare
559 3789 773 3864 fugam
806 3795 1121 3865 tortosque
1153 3788 1427 3847 incidere
1457 3791 1639 3849 funes

2208 318 2325 380 ¹¹3

2235 923 2327 974 550

2233 1623 2327 1676 555

2236 2609 2329 2674 565

2240 3122 2332 3172 570

2247 3817 2342 3871 575
