2796 4287
296 345 321 380 2
326 330 566 397 37-29S·]
995 317 1176 382 Dido
1222 318 1369 381 and
1408 316 1515 380 AE
1515 337 1688 380 neas.

298 519 603 587 regnator,
636 510 880 569 caelum
914 527 989 568 ac
1018 517 1212 568 terras
1243 506 1349 584 qui
1381 506 1632 567 numine
1663 515 1912 585 torquet
1938 531 1954 581 ς

299 608 428 687 ipse
460 609 621 669 haec
649 609 813 669 ferre
843 608 1016 667 iubet
1045 605 1265 667 celeris
1294 607 1587 666 mandata
1617 625 1727 684 per
1757 626 1938 667 auras
1966 631 1979 669 ε

301 709 469 784 Quid
499 708 708 782 struis,
741 717 852 767 aut
883 726 1007 785 qua
1033 725 1146 785 spe
1177 705 1428 787 Libycis
1459 705 1607 766 teris
1637 706 1764 767 otia
1793 706 2017 769 terris?

304 809 367 869 Si
393 819 457 869 te
488 808 660 868 nulla
689 816 900 868 movet
928 815 1238 867 tantarum
1267 805 1464 884 gloria
1493 824 1712 879 rerum,

305 910 452 990 [nec
483 927 671 986 super
700 907 836 986 ipse
868 916 974 967 tua
1004 905 1235 967 moliris
1266 906 1452 966 laude
1483 907 1811 988 laborem,]

303 1009 641 1069 Ascanium
674 1017 1027 1085 surgentem
1058 1016 1122 1068 et
1152 997 1297 1085 spes
1327 1006 1577 1068 heredis
1609 1006 1729 1066 Iuli

303 1108 558 1187 respice,
591 1108 693 1169 cui
721 1126 978 1186 regnum
1008 1106 1229 1168 Italiae
1262 1109 1672 1185 Romanaque
1703 1108 1887 1168 tellus

203 1283 211 1293 .
303 1209 646 1269 debentur.'
735 1206 875 1266 Tali
907 1206 1225 1287 Cyllenius
1254 1226 1360 1268 ore
1391 1207 1635 1268 locutus

303 1307 578 1368 mortalis
610 1306 781 1367 visus
811 1306 1016 1367 medio
1045 1326 1333 1368 sermone
1363 1306 1628 1384 reliquit,

304 1417 364 1469 et
390 1407 607 1487 procul
638 1406 705 1465 in
735 1416 983 1467 tenuem
1012 1425 1089 1467 ex
1118 1405 1316 1467 oculis
1347 1406 1600 1467 evanuit
1630 1426 1857 1469 auram.

904 1587 1182 1641 Perplexity
1208 1589 1261 1631 off
1287 1589 1488 1631 AEneu.

384 1713 469 1770 At
496 1727 647 1769 vero
676 1711 926 1768 Aeneas
956 1718 1213 1786 aspectu
1245 1707 1553 1769 obmutuit
1583 1727 1816 1783 amens,

307 1818 702 1885 arrectaeque
732 1807 983 1868 horrore
1013 1825 1245 1881 comae,
1281 1816 1343 1868 et
1374 1827 1495 1867 vox
1523 1807 1811 1868 faucibus
1840 1809 2059 1871 haesit.

307 1910 499 1968 Ardet
528 1907 700 1967 abire
728 1908 877 1985 fuga
908 1905 1231 1983 dulcisque
1263 1906 1612 1986 relinquere
1644 1917 1856 1982 terraS,

307 2007 604 2068 attonitus
633 2016 810 2067 tanto
841 2006 1076 2067 monitu
1108 2005 1490 2086 imperioque
1521 2009 1793 2071 deorum.

310 2109 451 2168 Heu
482 2107 636 2186 quid
666 2109 850 2186 agat?
937 2107 1081 2183 Quo
1112 2126 1278 2168 nunc
1309 2107 1585 2188 reginam
1617 2109 1849 2172 ambire
1878 2112 2183 2173 furentem

307 2210 531 2269 audeat
559 2208 820 2268 adfatu?
907 2206 1087 2284 Quae
1116 2208 1313 2288 prima
1343 2209 1596 2269 exordia
1625 2220 1825 2270 sumat
1851 2214 1873 2271 ?

280 2312 510 2385 -Atque
542 2306 815 2366 animum
846 2326 1012 2369 nunc
1040 2308 1163 2367 huc
1193 2309 1475 2383 celerem,
1510 2328 1675 2369 nunc
1705 2309 1926 2371 dividit
1956 2310 2117 2385 illuc,

306 2407 367 2468 in
394 2406 716 2486 partisque
745 2407 908 2486 rapit
937 2407 1140 2469 varias
1170 2427 1403 2487 perque
1434 2409 1641 2469 omnia
1669 2419 1891 2470 versat.

309 2508 487 2568 Haec
517 2506 848 2567 alternanti
879 2507 1084 2586 potior
1115 2508 1428 2568 sententia
1457 2508 1594 2570 visa
1622 2519 1720 2570 est
1746 2532 1761 2584 ;

309 2607 643 2668 Mnesthea
675 2608 1152 2686 Sergestumque
1182 2618 1365 2669 vocat
1393 2609 1744 2688 fortemque
1778 2611 2111 2685 Serestum,

305 2706 569 2767 classem
601 2716 816 2784 aptent
845 2705 1017 2767 taciti
1047 2706 1376 2787 sociosque
1407 2708 1489 2768 ad
1516 2708 1695 2769 litora
1725 2719 1967 2787 cogant,

308 2826 475 2866 arma
502 2816 742 2884 parent,
776 2816 840 2867 et
869 2825 1028 2883 quae
1056 2805 1243 2869 rebus
1274 2806 1355 2868 sit
1383 2827 1576 2869 causa
1605 2809 1910 2869 novandis

308 2906 731 2979 dissimulent3
779 2924 920 2966 sese
949 2905 1203 2981 interea,
1239 2908 1491 2984 quando
1515 2918 1769 2987 optuma
1800 2909 1969 2971 Dido

308 3005 545 3066 nesciat
576 3015 639 3065 et
669 3014 879 3066 tantos
909 3006 1108 3085 rumpi
1138 3025 1265 3067 non
1296 3018 1505 3086 speret
1535 3028 1794 3084 amoreS,

307 3114 745 3185 temptaturum
775 3104 997 3179 adituS,
1032 3115 1094 3166 et
1124 3125 1283 3184 quae
1314 3107 1677 3169 mollissima
1705 3109 1882 3170 fandi

309 3214 602 3284 tempora,
635 3204 774 3283 quis
805 3206 992 3265 rebus
1022 3206 1238 3267 dexter
1266 3208 1534 3290 modus..
1598 3207 1791 3270 Ocius
1823 3228 2037 3271 omnes

310 3303 562 3385 imperio
591 3303 740 3365 laeti
767 3314 990 3383 parent
1020 3323 1093 3366 ac
1123 3305 1295 3367 iussa
1321 3307 1660 3370 facessunt.

957 3487 1214 3540 suspicion
1242 3489 1295 3531 off
1320 3489 1464 3533 Dido.

392 3610 475 3668 At
501 3606 714 3687 regina
745 3606 926 3667 dolos
944 3641 1030 3651 —
1047 3606 1186 3685 quis
1217 3608 1431 3670 fallere
1461 3609 1660 3686 possit
1691 3621 1998 3672 amantem
2016 3612 2137 3672 ἓ-

315 3707 665 3782 praesensit,
699 3714 1032 3784 motusque
1061 3707 1305 3786 excepit
1333 3708 1531 3785 prima
1559 3710 1816 3784 futuroS,

315 3808 508 3868 omnia
536 3818 672 3870 tuta
703 3806 949 3868 timens.
1040 3806 1273 3867 Eadem
1303 3806 1493 3887 impia
1524 3811 1714 3870 Fama
1741 3809 1973 3872 furenti

2275 333 2395 398 ¹03

2304 637 2401 686 270

2303 1137 2399 1189 275

2303 2286 2398 2392 2'85

2305 2841 2401 2892 290

2306 3339 2399 3391 ²95
