2796 4287
1131 1400 1394 1440 LAonAmA
1418 1399 1480 1447 (v.
1501 1398 1611 1449 447).

326 1588 392 1637 ut
420 1578 682 1655 primurn
714 1566 882 1639 iuxta
912 1579 1080 1638 stetit
1111 1578 1527 1655 adgnovitque
1558 1596 1666 1654 per
1695 1578 1942 1636 umbras

324 1679 667 1751 obscuram,
701 1679 944 1755 qualern
975 1678 1172 1754 primo
1203 1677 1308 1754 qui
1339 1696 1587 1754 surgere
1618 1696 1829 1737 mense

325 1788 429 1837 aut
457 1779 645 1851 videt,
678 1789 785 1838 aut
813 1779 1042 1838 vidisse
1072 1787 1249 1855 putat
1276 1797 1386 1855 per
1416 1778 1629 1837 nubila
1658 1778 1881 1851 lunam,

323 1877 568 1937 demisit
595 1878 898 1949 lacrimas,
932 1878 1220 1955 dulcique
1252 1879 1499 1937 adfatus
1530 1896 1735 1936 amore
1766 1887 1893 1937 est:
2314 1908 2378 1961 45
2385 1909 2411 1961 5

407 1976 421 2001 “
441 1978 668 2037 Infelix
698 1977 884 2052 Dido,
917 1997 1098 2037 verus
1129 1978 1279 2036 mihi
1309 1978 1564 2036 nuntius
1593 1996 1739 2055 ergo

322 2088 574 2137 venerat
604 2078 986 2152 exstinctam,
1018 2079 1304 2156 ferroque
1335 2087 1606 2136 extrema
1637 2080 1950 2138 secutam?

324 2178 581 2237 Funeris
611 2179 733 2237 heu
763 2178 876 2237 tibi
906 2178 1253 2238 causafui?
1344 2181 1461 2237 Per
1491 2177 1695 2236 sidera
1725 2178 1870 2250 iuro,

321 2297 430 2354 per
459 2297 732 2354 superOS,
766 2288 829 2338 et
858 2279 912 2338 si
942 2298 1064 2355 qua
1092 2279 1247 2337 fides
1277 2278 1494 2337 tellure
1526 2278 1641 2336 sub
1672 2277 1794 2335 ima
1823 2287 1934 2349 est,

322 2377 568 2450 invitus,
599 2377 830 2454 regina,
864 2388 971 2438 tuo
1002 2379 1080 2437 de
1110 2378 1286 2437 litore
1317 2377 1495 2437 cessi.
1609 2450 1615 2459 Ι
2309 2395 2410 2456 460

324 2471 571 2536 Sed'me
603 2478 771 2538 iussa
800 2480 1001 2551 deum,
1035 2497 1192 2554 quae
1224 2497 1389 2536 nunc
1419 2477 1533 2536 has
1565 2477 1650 2535 ire
1681 2496 1791 2553 per
1821 2479 2085 2550 umbraS‚

254 2623 259 2628 .
320 2596 429 2652 per
458 2577 595 2636 loca
625 2588 803 2638 senta
833 2578 953 2636 situ
984 2587 1212 2654 cogunt
1242 2587 1612 2654 noctemque
1641 2577 2030 2654 profundam,

320 2675 592 2752 imperiis
621 2697 800 2754 egere
831 2678 998 2750 suis3
1043 2697 1158 2737 nec
1188 2677 1440 2736 credere
1472 2676 1640 2753 quivi

319 2775 484 2836 hunc
513 2786 749 2835 tantum
780 2777 893 2837 tibi
923 2795 1020 2836 me
1051 2777 1330 2857 discessu
1359 2777 1520 2836 ferre
1551 2776 1843 2836 dolorem.

323 2875 482 2934 Siste
510 2878 787 2953 gradum,
820 2886 1006 2952 teque
1037 2886 1292 2953 aspectu
1325 2895 1404 2936 ne
1436 2877 1727 2937 subtrahe
1759 2887 1983 2937 nostro.
2308 2895 2404 2962 465

320 2974 522 3048 Quem
550 2976 755 3053 fugis?
846 2979 1196 3036 Extremum
1224 2977 1372 3049 fato,
1407 2977 1576 3054 quod
1606 2987 1667 3036 te
1699 2976 2012 3053 adloquor,
2037 2977 2156 3038 hoc
2184 2980 2320 3038 est.'

400 3075 658 3135 Talibus
690 3079 937 3136 Aeneas
969 3077 1286 3136 ardentem
1321 3086 1384 3136 et
1415 3086 1587 3136 torva
1616 3086 1890 3136 tuentem

317 3174 550 3235 lenibat
581 3175 765 3235 dictis
796 3176 1085 3249 animum,
1120 3177 1529 3253 lacrimasque
1559 3177 1779 3237 ciebat.

317 3274 436 3332 Illa
464 3275 599 3334 solo
628 3276 782 3336 fixos
813 3277 1026 3336 oculos
1055 3295 1274 3335 aversa
1302 3276 1573 3349 tenebat,

316 3392 433 3433 nec
462 3375 657 3452 magis
689 3376 938 3452 incepto
966 3378 1199 3436 voltum
1231 3395 1514 3436 sermone
1545 3387 1839 3451 movetur,
2306 3409 2408 3458 470

315 3493 499 3550 quam
530 3474 584 3534 si
615 3476 771 3534 dura
801 3476 955 3535 silex
984 3487 1088 3535 aut
1119 3486 1241 3536 stet
1269 3477 1589 3553 Marpesia
1616 3487 1844 3537 cautes,

315 3574 596 3633 Tandem
627 3575 921 3652 corripuit
950 3595 1105 3648 sese,
1139 3586 1326 3654 atque
1357 3576 1607 3635 inimica
1636 3578 1859 3655 refugit

314 3672 375 3730 in
407 3691 623 3732 nemus
654 3674 1068 3748 umbriferum,
1103 3675 1370 3734 coniunx
1403 3675 1508 3735 ubi
1538 3676 1831 3752 pristinus
1860 3676 1949 3734 illi

314 3772 650 3847 respondet
679 3772 844 3831 curis
873 3782 1223 3849 aequatque
1257 3773 1576 3850 Sychaeus
1606 3792 1892 3833 amorem.
