2796 4287
252 317 521 384 330—393.]
774 307 920 370 lee
971 307 1403 392 Wanden'ngs
1453 310 1535 392 qs
1568 310 1673 373 AE
1674 330 1844 373 neas.
2272 323 2360 392 79

248 501 381 558 'fare
412 517 530 576 age
556 534 638 544 —
659 518 937 577 namque
967 518 1213 560 omnem
1243 519 1491 560 cursum
1522 500 1670 559 mihi
1699 519 1998 578 prospera
2027 499 2180 560 dixit

256 598 485 676 religiO‚
520 608 585 658 et
615 598 828 659 cuncti
861 609 1190 659 suaserunt
1220 599 1472 659 numine
1505 600 1628 659 divi

260 699 503 759 Italiam
535 708 748 776 petere
782 708 848 759 et
876 709 1072 759 terras
1101 709 1404 777 temptare
1433 710 1752 778 repostas:

260 800 390 859 sola
419 819 651 860 novum
683 799 980 877 dictuque
1012 801 1189 861 nefas
1222 799 1504 880 Harpyia
1534 800 1809 863 Celaeno
2264 799 2362 867 365

259 900 607 978 prodigium
638 900 826 973 canit,
861 909 924 960 et
952 900 1148 961 tristis
1178 901 1505 962 denuntiat
1535 901 1676 974 iraS,

261 1001 722 1077 obscenamque
751 1001 981 1060 famem
998 1037 1084 1046 —
1102 1021 1261 1078 quae
1291 1001 1490 1080 prima
1519 1001 1792 1080 pericula
1821 1001 1985 1060 vito?

263 1099 506 1173 Quidve
538 1119 811 1177 sequens
841 1110 1051 1162 tantos
1081 1101 1316 1179 possim
1347 1120 1639 1179 superare
1669 1101 1978 1161 labores?’

816 1281 1069 1332 Prophecy
1096 1281 1148 1323 of
1178 1281 1414 1323 Helenus.

345 1399 474 1459 Hic
507 1399 812 1471 Helenus,
847 1399 1047 1458 caesis
1077 1399 1339 1477 primum
1371 1400 1452 1460 de
1484 1419 1651 1460 more
1683 1400 1976 1474 iuvencis,

264 1509 473 1559 exorat
502 1518 722 1577 pacem
754 1499 981 1572 divom,
1013 1499 1326 1577 vittasque
1355 1500 1609 1560 resolvit
2264 1513 2362 1566 370

265 1600 488 1659 sacrati
519 1599 762 1676 capitis,
796 1618 1018 1676 meque
1049 1601 1130 1660 ad
1160 1610 1267 1659 tua
1296 1600 1525 1673 limina,
1562 1601 1831 1674 Phoebe,

264 1699 393 1776 ipse
425 1719 617 1758 manu
648 1699 840 1759 multo
870 1719 1242 1776 suspensum
1273 1700 1525 1760 numine
1557 1700 1745 1774 ducit,

265 1809 448 1877 atque
479 1801 638 1859 haec
666 1799 895 1859 deinde
924 1800 1096 1860 canit
1125 1800 1336 1859 divino
1367 1819 1444 1860 ex
1472 1819 1579 1860 ore
1610 1801 1938 1861 sacerdos:

344 1899 435 1959 ‘N
439 1909 540 1959 ate
572 1900 708 1973 dea,
728 1935 811 1945 —
831 1919 976 1959 nam
1006 1909 1068 1959 te
1099 1901 1436 1961 maioribus
1467 1901 1554 1961 ire
1583 1920 1694 1979 per
1725 1902 1914 1961 altum

266 2000 559 2077 auspiciis
589 1999 922 2061 manifesta
951 2001 1144 2061 fides:
1192 2002 1281 2060 sic
1309 2002 1443 2061 fata
1472 2002 1656 2061 deum
1685 2021 1793 2061 rex
2265 2014 2360 2067 375

267 2102 533 2174 sortitur,
565 2100 881 2179 volvitque
911 2101 1114 2176 vices;
1161 2101 1215 2161 is
1245 2102 1501 2162 vertitur
1529 2103 1683 2163 ordo
1705 2138 1791 2148 —-

264 2221 461 2278 pauca
490 2201 608 2261 tibi
636 2221 670 2260 e
702 2202 927 2275 multis,
962 2222 1085 2279 quo
1114 2202 1302 2262 tutior
1331 2203 1582 2280 hospita
1612 2204 1836 2263 lustres

267 2321 535 2379 aequora
564 2310 628 2360 et
657 2302 939 2361 Ausonio
968 2302 1175 2379 possis
1205 2302 1530 2363 considere
1562 2313 1762 2380 portu,

267 2402 590 2479 expediam
618 2401 836 2475 dictis;
884 2402 1216 2479 prohibent
1246 2422 1389 2462 nam
1421 2413 1626 2462 cetera
1657 2406 1887 2462 Parcae

267 2503 418 2561 scire
452 2502 770 2561 Helenum
800 2502 1041 2579 farique
1072 2512 1242 2562 vetat
1274 2504 1562 2563 Saturnia
1594 2506 1768 2563 Iuno.
2266 2502 2363 2568 380

270 2602 577 2680 Principio
611 2601 873 2675 Italiam,
909 2622 1094 2679 quam
1124 2613 1191 2662 tu
1221 2603 1343 2669 iam
1374 2623 1506 2663 rere
1537 2604 1944 2681 propinquam

267 2703 646 2778 vicinosque,
679 2701 908 2779 ignare,
942 2722 1126 2779 paras
1156 2703 1449 2763 invadere
1480 2714 1711 2780 portuS,

269 2801 447 2880 longa
477 2802 695 2878 procul
724 2801 925 2880 longis
956 2802 1056 2861 via
1087 2802 1310 2862 dividit
1341 2802 1507 2862 invia
1537 2803 1730 2864 terris,

271 2904 428 2962 Ante
459 2911 523 2962 et
553 2901 875 2961 Trinacria
906 2901 1239 2962 lentandus
1270 2922 1475 2963 remus
1507 2903 1569 2962 in
1600 2904 1784 2976 unda,

271 3011 330 3060 et
357 3002 507 3062 salis
538 3001 806 3061 Ausonii
837 3002 1223 3062 lustrandum
1256 3003 1520 3063 navibus
1552 3023 1800 3081 aequor,
2267 3001 2365 3067 385

269 3101 613 3178 infernique
644 3100 833 3174 lacus,
869 3104 1241 3180 Aeaeaeque
1272 3102 1477 3162 insula
1509 3103 1746 3176 Circae,

272 3221 450 3277 quam
481 3210 617 3261 tuta
645 3201 852 3278 possis
882 3203 1096 3262 urbem
1126 3222 1501 3281 componere
1532 3214 1730 3265 terra:

274 3300 443 3378 signa
469 3301 587 3361 tibi
617 3301 838 3375 dicam,
872 3311 940 3360 tu
971 3303 1222 3362 condita
1253 3313 1460 3364 mente
1492 3314 1740 3364 teneto:

275 3419 407 3459 cum
434 3400 549 3461 tibi
581 3401 848 3461 sollicito
879 3402 1102 3461 secreti
1132 3403 1211 3462 ad
1243 3403 1514 3463 fluminis
1543 3404 1774 3463 undam

276 3498 500 3560 litoreis
530 3500 754 3579 ingens
785 3500 1038 3560 inventa
1068 3503 1184 3562 sub
1215 3503 1461 3563 ilicibus
1491 3522 1597 3563 sus
1946 3514 1950 3518 ’
2268 3512 2366 3565 390

279 3599 519 3677 triginta
550 3600 822 3678 capitum
850 3600 1016 3659 fetus
1046 3600 1226 3660 enixa
1256 3601 1502 3675 iacebit,

282 3698 432 3773 alba,
463 3699 595 3759 solo
624 3697 949 3771 recubans,
983 3699 1106 3759 albi
1136 3699 1361 3760 circum
1395 3702 1586 3762 ubera
1616 3701 1761 3774 nati,

283 3794 333 3856 is
360 3795 525 3858 locus
556 3797 728 3857 urbis
760 3796 892 3867 erit,
925 3797 1169 3878 requies
1199 3818 1269 3857 ea
1305 3810 1475 3859 certa
1504 3799 1800 3861 laborum.
