<?xml version="1.0" encoding="UTF-8"?>
<!DOCTYPE html PUBLIC "-//W3C//DTD XHTML 1.0 Transitional//EN"
    "http://www.w3.org/TR/xhtml1/DTD/xhtml1-transitional.dtd">
<html xmlns="http://www.w3.org/1999/xhtml" xml:lang="en" lang="en">
 <head>
  <title>
</title>
<meta http-equiv="Content-Type" content="text/html;charset=utf-8" />
  <meta name='ocr-system' content='tesseract 3.04.00' />
  <meta name='ocr-capabilities' content='ocr_page ocr_carea ocr_par ocr_line ocrx_word'/>
</head>
<body>
  <div class='ocr_page' id='page_1' title='image "./greaterpoemsvir01kittgoog_0114.png"; bbox 0 0 2796 4287; ppageno 0'>
   <div class='ocr_carea' id='block_1_1' title="bbox 383 289 1655 368">
    <p class='ocr_par' dir='ltr' id='par_1_1' title="bbox 383 289 1655 368">
     <span class='ocr_line' id='line_1_1' title="bbox 383 289 1655 368; baseline 0.002 -15"><span class='ocrx_word' id='word_1_1' title='bbox 383 290 474 368; x_wconf 87' lang='lat'><strong>46</strong></span> <span class='ocrx_word' id='word_1_2' title='bbox 1196 291 1332 354; x_wconf 71' lang='lat' dir='ltr'><strong>The</strong></span> <span class='ocrx_word' id='word_1_3' title='bbox 1378 289 1655 355; x_wconf 82' lang='lat' dir='ltr'><strong>AEneid.</strong></span> 
     </span>
    </p>
   </div>
   <div class='ocr_carea' id='block_1_2' title="bbox 387 480 2016 659">
    <p class='ocr_par' dir='ltr' id='par_1_2' title="bbox 387 480 2016 659">
     <span class='ocr_line' id='line_1_2' title="bbox 389 480 2016 559; baseline 0.001 -20"><span class='ocrx_word' id='word_1_4' title='bbox 389 480 490 539; x_wconf 92' lang='lat' dir='ltr'><strong>Sic</strong></span> <span class='ocrx_word' id='word_1_5' title='bbox 521 481 623 554; x_wconf 90' lang='lat' dir='ltr'><strong>ait,</strong></span> <span class='ocrx_word' id='word_1_6' title='bbox 657 491 720 541; x_wconf 91' lang='lat' dir='ltr'><strong>et</strong></span> <span class='ocrx_word' id='word_1_7' title='bbox 749 482 1036 542; x_wconf 90' lang='lat' dir='ltr'><strong>manibus</strong></span> <span class='ocrx_word' id='word_1_8' title='bbox 1068 482 1255 541; x_wconf 88' lang='lat' dir='ltr'><strong>vittas</strong></span> <span class='ocrx_word' id='word_1_9' title='bbox 1287 483 1670 559; x_wconf 85' lang='lat' dir='ltr'><strong>Vestamque</strong></span> <span class='ocrx_word' id='word_1_10' title='bbox 1698 491 2016 559; x_wconf 90' lang='lat' dir='ltr'><strong>potentem</strong></span> 
     </span>
     <span class='ocr_line' id='line_1_3' title="bbox 387 580 1973 659; baseline 0.002 -22"><span class='ocrx_word' id='word_1_11' title='bbox 387 588 828 657; x_wconf 89' lang='lat' dir='ltr'><strong>aeternumque</strong></span> <span class='ocrx_word' id='word_1_12' title='bbox 860 580 1063 659; x_wconf 89' lang='lat' dir='ltr'><strong>adytis</strong></span> <span class='ocrx_word' id='word_1_13' title='bbox 1093 581 1270 640; x_wconf 85' lang='lat' dir='ltr'><strong>effert</strong></span> <span class='ocrx_word' id='word_1_14' title='bbox 1298 581 1722 658; x_wconf 86' lang='lat' dir='ltr'><strong>penetralibus</strong></span> <span class='ocrx_word' id='word_1_15' title='bbox 1753 582 1973 658; x_wconf 90' lang='lat' dir='ltr'><strong>ignem.</strong></span> 
     </span>
    </p>
   </div>
   <div class='ocr_carea' id='block_1_3' title="bbox 884 761 1579 803">
    <p class='ocr_par' dir='ltr' id='par_1_3' title="bbox 884 761 1579 803">
     <span class='ocr_line' id='line_1_4' title="bbox 884 761 1579 803; baseline 0.003 -2"><span class='ocrx_word' id='word_1_16' title='bbox 884 761 1056 802; x_wconf 79' lang='lat' dir='ltr'><strong>Havoc</strong></span> <span class='ocrx_word' id='word_1_17' title='bbox 1084 762 1259 802; x_wconf 84' lang='lat' dir='ltr'><strong>within</strong></span> <span class='ocrx_word' id='word_1_18' title='bbox 1287 762 1372 803; x_wconf 81' lang='lat' dir='ltr'><strong>the</strong></span> <span class='ocrx_word' id='word_1_19' title='bbox 1401 762 1579 803; x_wconf 73' lang='lat' dir='ltr'><strong>Walln.</strong></span> 
     </span>
    </p>
   </div>
   <div class='ocr_carea' id='block_1_4' title="bbox 385 879 2114 2557">
    <p class='ocr_par' dir='ltr' id='par_1_4' title="bbox 385 879 2114 2557">
     <span class='ocr_line' id='line_1_5' title="bbox 472 879 1852 955; baseline 0.001 -17"><span class='ocrx_word' id='word_1_20' title='bbox 472 880 734 940; x_wconf 91' lang='lat' dir='ltr'><strong>Diverso</strong></span> <span class='ocrx_word' id='word_1_21' title='bbox 763 879 998 939; x_wconf 90' lang='lat' dir='ltr'><strong>interea</strong></span> <span class='ocrx_word' id='word_1_22' title='bbox 1027 879 1363 938; x_wconf 87' lang='lat' dir='ltr'><strong>miscentur</strong></span> <span class='ocrx_word' id='word_1_23' title='bbox 1391 880 1638 939; x_wconf 88' lang='lat' dir='ltr'><strong>moenia</strong></span> <span class='ocrx_word' id='word_1_24' title='bbox 1667 882 1852 955; x_wconf 87' lang='lat' dir='ltr'><strong>luctu,</strong></span> 
     </span>
     <span class='ocr_line' id='line_1_6' title="bbox 386 979 2114 1058; baseline 0.001 -19"><span class='ocrx_word' id='word_1_25' title='bbox 386 989 448 1039; x_wconf 91' lang='lat' dir='ltr'><strong>et</strong></span> <span class='ocrx_word' id='word_1_26' title='bbox 478 980 675 1057; x_wconf 91' lang='lat' dir='ltr'><strong>magis</strong></span> <span class='ocrx_word' id='word_1_27' title='bbox 706 989 891 1057; x_wconf 88' lang='lat' dir='ltr'><strong>atque</strong></span> <span class='ocrx_word' id='word_1_28' title='bbox 922 979 1134 1057; x_wconf 90' lang='lat' dir='ltr'><strong>magis,</strong></span> <span class='ocrx_word' id='word_1_29' title='bbox 1171 999 1545 1057; x_wconf 90' lang='lat' dir='ltr'><strong>quamquam</strong></span> <span class='ocrx_word' id='word_1_30' title='bbox 1576 990 1814 1040; x_wconf 90' lang='lat' dir='ltr'><strong>secreta</strong></span> <span class='ocrx_word' id='word_1_31' title='bbox 1842 982 2114 1058; x_wconf 86' lang='lat' dir='ltr'><strong>parentis</strong></span> 
     </span>
     <span class='ocr_line' id='line_1_7' title="bbox 388 1079 2017 1156; baseline 0.001 -18"><span class='ocrx_word' id='word_1_32' title='bbox 388 1079 701 1139; x_wconf 87' lang='lat' dir='ltr'><strong>Anchisae</strong></span> <span class='ocrx_word' id='word_1_33' title='bbox 733 1080 953 1139; x_wconf 90' lang='lat' dir='ltr'><strong>domus</strong></span> <span class='ocrx_word' id='word_1_34' title='bbox 984 1079 1431 1156; x_wconf 89' lang='lat' dir='ltr'><strong>arboribusque</strong></span> <span class='ocrx_word' id='word_1_35' title='bbox 1463 1082 1713 1140; x_wconf 89' lang='lat' dir='ltr'><strong>obtecta</strong></span> <span class='ocrx_word' id='word_1_36' title='bbox 1742 1081 2017 1153; x_wconf 89' lang='lat' dir='ltr'><strong>recessit,</strong></span> 
     </span>
     <span class='ocr_line' id='line_1_8' title="bbox 386 1177 2004 1258; baseline 0.002 -21"><span class='ocrx_word' id='word_1_37' title='bbox 386 1180 732 1239; x_wconf 89' lang='lat' dir='ltr'><strong>clarescunt</strong></span> <span class='ocrx_word' id='word_1_38' title='bbox 763 1180 1022 1251; x_wconf 91' lang='lat' dir='ltr'><strong>sonitus,</strong></span> <span class='ocrx_word' id='word_1_39' title='bbox 1057 1177 1488 1256; x_wconf 76' lang='lat' dir='ltr'><strong>armorumque</strong></span> <span class='ocrx_word' id='word_1_40' title='bbox 1517 1180 1744 1258; x_wconf 89' lang='lat' dir='ltr'><strong>ingruit</strong></span> <span class='ocrx_word' id='word_1_41' title='bbox 1774 1182 2004 1240; x_wconf 89' lang='lat' dir='ltr'><strong>horror.</strong></span> 
     </span>
     <span class='ocr_line' id='line_1_9' title="bbox 388 1279 1748 1357; baseline -0.001 -17"><span class='ocrx_word' id='word_1_42' title='bbox 388 1279 678 1340; x_wconf 85' lang='lat' dir='ltr'><strong>Excutior</strong></span> <span class='ocrx_word' id='word_1_43' title='bbox 706 1299 942 1353; x_wconf 90' lang='lat' dir='ltr'><strong>somn0,</strong></span> <span class='ocrx_word' id='word_1_44' title='bbox 976 1289 1039 1339; x_wconf 92' lang='lat' dir='ltr'><strong>et</strong></span> <span class='ocrx_word' id='word_1_45' title='bbox 1068 1280 1290 1340; x_wconf 91' lang='lat' dir='ltr'><strong>summi</strong></span> <span class='ocrx_word' id='word_1_46' title='bbox 1320 1279 1572 1357; x_wconf 88' lang='lat' dir='ltr'><strong>fastigia</strong></span> <span class='ocrx_word' id='word_1_47' title='bbox 1600 1280 1748 1340; x_wconf 91' lang='lat' dir='ltr'><strong>tecti</strong></span> 
     </span>
     <span class='ocr_line' id='line_1_10' title="bbox 387 1380 1957 1457; baseline 0.001 -19"><span class='ocrx_word' id='word_1_48' title='bbox 387 1398 649 1438; x_wconf 89' lang='lat' dir='ltr'><strong>ascensu</strong></span> <span class='ocrx_word' id='word_1_49' title='bbox 681 1398 922 1457; x_wconf 90' lang='lat' dir='ltr'><strong>supero,</strong></span> <span class='ocrx_word' id='word_1_50' title='bbox 956 1390 1141 1456; x_wconf 90' lang='lat' dir='ltr'><strong>atque</strong></span> <span class='ocrx_word' id='word_1_51' title='bbox 1173 1380 1429 1440; x_wconf 87' lang='lat' dir='ltr'><strong>arrectis</strong></span> <span class='ocrx_word' id='word_1_52' title='bbox 1460 1380 1709 1440; x_wconf 90' lang='lat' dir='ltr'><strong>auribus</strong></span> <span class='ocrx_word' id='word_1_53' title='bbox 1741 1381 1957 1440; x_wconf 89' lang='lat' dir='ltr'><strong>adsto:</strong></span> 
     </span>
     <span class='ocr_line' id='line_1_11' title="bbox 387 1479 2058 1557; baseline 0.002 -20"><span class='ocrx_word' id='word_1_54' title='bbox 387 1479 450 1537; x_wconf 88' lang='lat' dir='ltr'><strong>in</strong></span> <span class='ocrx_word' id='word_1_55' title='bbox 481 1488 753 1557; x_wconf 87' lang='lat' dir='ltr'><strong>segetem</strong></span> <span class='ocrx_word' id='word_1_56' title='bbox 782 1480 971 1539; x_wconf 91' lang='lat' dir='ltr'><strong>veluti</strong></span> <span class='ocrx_word' id='word_1_57' title='bbox 1001 1500 1139 1539; x_wconf 90' lang='lat' dir='ltr'><strong>cum</strong></span> <span class='ocrx_word' id='word_1_58' title='bbox 1171 1480 1419 1539; x_wconf 91' lang='lat' dir='ltr'><strong>flamma</strong></span> <span class='ocrx_word' id='word_1_59' title='bbox 1447 1481 1798 1540; x_wconf 77' lang='lat' dir='ltr'><strong>furentibus</strong></span> <span class='ocrx_word' id='word_1_60' title='bbox 1834 1481 2058 1540; x_wconf 89' lang='lat' dir='ltr'><strong>austris</strong></span> 
     </span>
     <span class='ocr_line' id='line_1_12' title="bbox 386 1578 1919 1656; baseline 0.002 -20"><span class='ocrx_word' id='word_1_61' title='bbox 386 1578 620 1652; x_wconf 86' lang='lat' dir='ltr'><strong>incidit,</strong></span> <span class='ocrx_word' id='word_1_62' title='bbox 654 1589 760 1639; x_wconf 93' lang='lat' dir='ltr'><strong>aut</strong></span> <span class='ocrx_word' id='word_1_63' title='bbox 789 1580 1040 1656; x_wconf 90' lang='lat' dir='ltr'><strong>rapidus</strong></span> <span class='ocrx_word' id='word_1_64' title='bbox 1070 1589 1367 1640; x_wconf 89' lang='lat' dir='ltr'><strong>montano</strong></span> <span class='ocrx_word' id='word_1_65' title='bbox 1397 1581 1649 1639; x_wconf 90' lang='lat' dir='ltr'><strong>flumine</strong></span> <span class='ocrx_word' id='word_1_66' title='bbox 1681 1590 1919 1640; x_wconf 89' lang='lat' dir='ltr'><strong>torrens</strong></span> 
     </span>
     <span class='ocr_line' id='line_1_13' title="bbox 387 1679 2079 1757; baseline 0.001 -19"><span class='ocrx_word' id='word_1_67' title='bbox 387 1679 604 1739; x_wconf 90' lang='lat' dir='ltr'><strong>sternit</strong></span> <span class='ocrx_word' id='word_1_68' title='bbox 635 1699 830 1757; x_wconf 89' lang='lat' dir='ltr'><strong>agros,</strong></span> <span class='ocrx_word' id='word_1_69' title='bbox 865 1679 1082 1739; x_wconf 90' lang='lat' dir='ltr'><strong>sternit</strong></span> <span class='ocrx_word' id='word_1_70' title='bbox 1113 1690 1249 1739; x_wconf 92' lang='lat' dir='ltr'><strong>sata</strong></span> <span class='ocrx_word' id='word_1_71' title='bbox 1280 1680 1443 1739; x_wconf 92' lang='lat' dir='ltr'><strong>laeta</strong></span> <span class='ocrx_word' id='word_1_72' title='bbox 1475 1682 1785 1757; x_wconf 91' lang='lat' dir='ltr'><strong>boumque</strong></span> <span class='ocrx_word' id='word_1_73' title='bbox 1817 1681 2079 1753; x_wconf 79' lang='lat' dir='ltr'><strong>laboreS,</strong></span> 
     </span>
     <span class='ocr_line' id='line_1_14' title="bbox 385 1779 1977 1857; baseline 0.002 -20"><span class='ocrx_word' id='word_1_74' title='bbox 385 1779 864 1856; x_wconf 90' lang='lat' dir='ltr'><strong>praecipitisque</strong></span> <span class='ocrx_word' id='word_1_75' title='bbox 894 1779 1080 1839; x_wconf 87' lang='lat' dir='ltr'><strong>trahit</strong></span> <span class='ocrx_word' id='word_1_76' title='bbox 1111 1780 1315 1853; x_wconf 82' lang='lat' dir='ltr'><strong>silvaS,</strong></span> <span class='ocrx_word' id='word_1_77' title='bbox 1349 1790 1557 1857; x_wconf 92' lang='lat' dir='ltr'><strong>stupet</strong></span> <span class='ocrx_word' id='word_1_78' title='bbox 1587 1781 1819 1840; x_wconf 90' lang='lat' dir='ltr'><strong>inscius</strong></span> <span class='ocrx_word' id='word_1_79' title='bbox 1850 1782 1977 1841; x_wconf 89' lang='lat' dir='ltr'><strong>alto</strong></span> 
     </span>
     <span class='ocr_line' id='line_1_15' title="bbox 388 1879 1789 1958; baseline 0.002 -20"><span class='ocrx_word' id='word_1_80' title='bbox 388 1879 701 1956; x_wconf 91' lang='lat' dir='ltr'><strong>accipiens</strong></span> <span class='ocrx_word' id='word_1_81' title='bbox 733 1879 1002 1939; x_wconf 91' lang='lat' dir='ltr'><strong>sonitum</strong></span> <span class='ocrx_word' id='word_1_82' title='bbox 1033 1879 1166 1939; x_wconf 86' lang='lat' dir='ltr'><strong>saxi</strong></span> <span class='ocrx_word' id='word_1_83' title='bbox 1196 1881 1273 1939; x_wconf 93' lang='lat' dir='ltr'><strong>de</strong></span> <span class='ocrx_word' id='word_1_84' title='bbox 1303 1880 1532 1940; x_wconf 91' lang='lat' dir='ltr'><strong>vertice</strong></span> <span class='ocrx_word' id='word_1_85' title='bbox 1562 1891 1789 1958; x_wconf 87' lang='lat' dir='ltr'><strong>pastor.</strong></span> 
     </span>
     <span class='ocr_line' id='line_1_16' title="bbox 388 1980 2091 2059; baseline 0.002 -22"><span class='ocrx_word' id='word_1_86' title='bbox 388 1981 545 2037; x_wconf 89' lang='lat' dir='ltr'><strong>Tum</strong></span> <span class='ocrx_word' id='word_1_87' title='bbox 576 1998 722 2038; x_wconf 88' lang='lat' dir='ltr'><strong>vero</strong></span> <span class='ocrx_word' id='word_1_88' title='bbox 752 1980 1082 2039; x_wconf 82' lang='lat' dir='ltr'><strong>manifesta</strong></span> <span class='ocrx_word' id='word_1_89' title='bbox 1111 1980 1286 2052; x_wconf 89' lang='lat' dir='ltr'><strong>fides,</strong></span> <span class='ocrx_word' id='word_1_90' title='bbox 1324 1982 1732 2058; x_wconf 87' lang='lat' dir='ltr'><strong>Danaumque</strong></span> <span class='ocrx_word' id='word_1_91' title='bbox 1761 1991 2091 2059; x_wconf 90' lang='lat' dir='ltr'><strong>patescunt</strong></span> 
     </span>
     <span class='ocr_line' id='line_1_17' title="bbox 388 2079 1945 2159; baseline 0.002 -22"><span class='ocrx_word' id='word_1_92' title='bbox 388 2079 667 2139; x_wconf 89' lang='lat' dir='ltr'><strong>insidiae.</strong></span> <span class='ocrx_word' id='word_1_93' title='bbox 757 2082 888 2138; x_wconf 91' lang='lat' dir='ltr'><strong>Iam</strong></span> <span class='ocrx_word' id='word_1_94' title='bbox 924 2079 1237 2158; x_wconf 88' lang='lat' dir='ltr'><strong>Deiphobi</strong></span> <span class='ocrx_word' id='word_1_95' title='bbox 1269 2080 1444 2139; x_wconf 73' lang='lat' dir='ltr'><strong>dedit</strong></span> <span class='ocrx_word' id='word_1_96' title='bbox 1475 2082 1678 2159; x_wconf 90' lang='lat' dir='ltr'><strong>ampla</strong></span> <span class='ocrx_word' id='word_1_97' title='bbox 1707 2081 1945 2140; x_wconf 91' lang='lat' dir='ltr'><strong>ruinam</strong></span> 
     </span>
     <span class='ocr_line' id='line_1_18' title="bbox 387 2170 2052 2259; baseline 0.002 -21"><span class='ocrx_word' id='word_1_98' title='bbox 387 2181 669 2239; x_wconf 88' lang='lat' dir='ltr'><strong>Volcano</strong></span> <span class='ocrx_word' id='word_1_99' title='bbox 699 2191 1028 2257; x_wconf 90' lang='lat' dir='ltr'><strong>superante</strong></span> <span class='ocrx_word' id='word_1_100' title='bbox 1061 2181 1314 2253; x_wconf 84' lang='lat' dir='ltr'><strong>domus3</strong></span> <span class='ocrx_word' id='word_1_101' title='bbox 1344 2170 1484 2240; x_wconf 79' lang='lat' dir='ltr'><strong>¹iam</strong></span> <span class='ocrx_word' id='word_1_102' title='bbox 1513 2201 1845 2259; x_wconf 89' lang='lat' dir='ltr'><strong>proxumus</strong></span> <span class='ocrx_word' id='word_1_103' title='bbox 1876 2183 2052 2242; x_wconf 89' lang='lat' dir='ltr'><strong>ardet</strong></span> 
     </span>
     <span class='ocr_line' id='line_1_19' title="bbox 388 2280 1800 2358; baseline 0.001 -18"><span class='ocrx_word' id='word_1_104' title='bbox 388 2281 747 2358; x_wconf 83' lang='lat' dir='ltr'><strong>Ucaleg0n3</strong></span> <span class='ocrx_word' id='word_1_105' title='bbox 797 2280 979 2358; x_wconf 91' lang='lat' dir='ltr'><strong>Sigea</strong></span> <span class='ocrx_word' id='word_1_106' title='bbox 1009 2280 1136 2358; x_wconf 88' lang='lat' dir='ltr'><strong>igni</strong></span> <span class='ocrx_word' id='word_1_107' title='bbox 1165 2281 1323 2340; x_wconf 84' lang='lat' dir='ltr'><strong>freta</strong></span> <span class='ocrx_word' id='word_1_108' title='bbox 1354 2280 1479 2341; x_wconf 91' lang='lat' dir='ltr'><strong>lata</strong></span> <span class='ocrx_word' id='word_1_109' title='bbox 1508 2282 1800 2341; x_wconf 91' lang='lat' dir='ltr'><strong>relucent.</strong></span> 
     </span>
     <span class='ocr_line' id='line_1_20' title="bbox 391 2380 2016 2459; baseline 0.001 -19"><span class='ocrx_word' id='word_1_110' title='bbox 391 2380 674 2440; x_wconf 85' lang='lat' dir='ltr'><strong>Exoritur</strong></span> <span class='ocrx_word' id='word_1_111' title='bbox 703 2381 1053 2457; x_wconf 90' lang='lat' dir='ltr'><strong>clamorque</strong></span> <span class='ocrx_word' id='word_1_112' title='bbox 1083 2380 1278 2439; x_wconf 88' lang='lat' dir='ltr'><strong>virum</strong></span> <span class='ocrx_word' id='word_1_113' title='bbox 1308 2381 1683 2459; x_wconf 89' lang='lat' dir='ltr'><strong>clangorque</strong></span> <span class='ocrx_word' id='word_1_114' title='bbox 1715 2384 2016 2442; x_wconf 90' lang='lat' dir='ltr'><strong>tubarum.</strong></span> 
     </span>
     <span class='ocr_line' id='line_1_21' title="bbox 390 2479 1974 2557; baseline 0.001 -19"><span class='ocrx_word' id='word_1_115' title='bbox 390 2483 579 2539; x_wconf 89' lang='lat' dir='ltr'><strong>Arma</strong></span> <span class='ocrx_word' id='word_1_116' title='bbox 609 2498 822 2538; x_wconf 90' lang='lat' dir='ltr'><strong>amens</strong></span> <span class='ocrx_word' id='word_1_117' title='bbox 853 2479 1068 2557; x_wconf 87' lang='lat' dir='ltr'><strong>capio;</strong></span> <span class='ocrx_word' id='word_1_118' title='bbox 1115 2499 1232 2538; x_wconf 90' lang='lat' dir='ltr'><strong>nec</strong></span> <span class='ocrx_word' id='word_1_119' title='bbox 1265 2489 1361 2539; x_wconf 91' lang='lat' dir='ltr'><strong>sat</strong></span> <span class='ocrx_word' id='word_1_120' title='bbox 1390 2480 1649 2541; x_wconf 87' lang='lat' dir='ltr'><strong>rationis</strong></span> <span class='ocrx_word' id='word_1_121' title='bbox 1679 2480 1742 2538; x_wconf 90' lang='lat' dir='ltr'><strong>in</strong></span> <span class='ocrx_word' id='word_1_122' title='bbox 1774 2482 1974 2555; x_wconf 89' lang='lat' dir='ltr'><strong>armis,</strong></span> 
     </span>
    </p>
   </div>
   <div class='ocr_carea' id='block_1_5' title="bbox 390 2580 2163 2657">
    <p class='ocr_par' dir='ltr' id='par_1_5' title="bbox 390 2580 2163 2657">
     <span class='ocr_line' id='line_1_22' title="bbox 390 2580 2163 2657; baseline 0 -18"><span class='ocrx_word' id='word_1_123' title='bbox 390 2581 501 2639; x_wconf 91' lang='lat' dir='ltr'><strong>sed</strong></span> <span class='ocrx_word' id='word_1_124' title='bbox 529 2580 866 2657; x_wconf 85' lang='lat' dir='ltr'><strong>glomerare</strong></span> <span class='ocrx_word' id='word_1_125' title='bbox 898 2599 1144 2638; x_wconf 91' lang='lat' dir='ltr'><strong>manum</strong></span> <span class='ocrx_word' id='word_1_126' title='bbox 1178 2580 1342 2639; x_wconf 92' lang='lat' dir='ltr'><strong>bello</strong></span> <span class='ocrx_word' id='word_1_127' title='bbox 1373 2590 1435 2640; x_wconf 92' lang='lat' dir='ltr'><strong>et</strong></span> <span class='ocrx_word' id='word_1_128' title='bbox 1466 2599 1829 2640; x_wconf 87' lang='lat' dir='ltr'><strong>concurrere</strong></span> <span class='ocrx_word' id='word_1_129' title='bbox 1862 2581 1924 2640; x_wconf 90' lang='lat' dir='ltr'><strong>in</strong></span> <span class='ocrx_word' id='word_1_130' title='bbox 1957 2599 2163 2640; x_wconf 90' lang='lat' dir='ltr'><strong>arcem</strong></span> 
     </span>
    </p>
   </div>
   <div class='ocr_carea' id='block_1_6' title="bbox 389 2678 2133 2857">
    <p class='ocr_par' dir='ltr' id='par_1_6' title="bbox 389 2678 2133 2857">
     <span class='ocr_line' id='line_1_23' title="bbox 390 2678 2004 2757; baseline 0 -19"><span class='ocrx_word' id='word_1_131' title='bbox 390 2699 525 2738; x_wconf 90' lang='lat' dir='ltr'><strong>cum</strong></span> <span class='ocrx_word' id='word_1_132' title='bbox 558 2678 744 2738; x_wconf 90' lang='lat' dir='ltr'><strong>sociis</strong></span> <span class='ocrx_word' id='word_1_133' title='bbox 776 2680 992 2740; x_wconf 91' lang='lat' dir='ltr'><strong>ardent</strong></span> <span class='ocrx_word' id='word_1_134' title='bbox 1024 2680 1246 2751; x_wconf 84' lang='lat' dir='ltr'><strong>animi3</strong></span> <span class='ocrx_word' id='word_1_135' title='bbox 1293 2681 1461 2740; x_wconf 82' lang='lat' dir='ltr'><strong>furor</strong></span> <span class='ocrx_word' id='word_1_136' title='bbox 1492 2681 1704 2757; x_wconf 91' lang='lat' dir='ltr'><strong>iraque</strong></span> <span class='ocrx_word' id='word_1_137' title='bbox 1735 2691 2004 2741; x_wconf 90' lang='lat' dir='ltr'><strong>mentem</strong></span> 
     </span>
     <span class='ocr_line' id='line_1_24' title="bbox 389 2777 2133 2857; baseline 0.001 -19"><span class='ocrx_word' id='word_1_138' title='bbox 389 2777 815 2857; x_wconf 90' lang='lat' dir='ltr'><strong>praecipitant,</strong></span> <span class='ocrx_word' id='word_1_139' title='bbox 848 2780 1292 2857; x_wconf 89' lang='lat' dir='ltr'><strong>pulchrumque</strong></span> <span class='ocrx_word' id='word_1_140' title='bbox 1322 2780 1476 2840; x_wconf 89' lang='lat' dir='ltr'><strong>mori</strong></span> <span class='ocrx_word' id='word_1_141' title='bbox 1508 2780 1807 2840; x_wconf 89' lang='lat' dir='ltr'><strong>succurrit</strong></span> <span class='ocrx_word' id='word_1_142' title='bbox 1839 2780 1901 2839; x_wconf 91' lang='lat' dir='ltr'><strong>in</strong></span> <span class='ocrx_word' id='word_1_143' title='bbox 1933 2780 2133 2840; x_wconf 88' lang='lat' dir='ltr'><strong>armis.</strong></span> 
     </span>
    </p>
   </div>
   <div class='ocr_carea' id='block_1_7' title="bbox 937 2958 1698 3010">
    <p class='ocr_par' dir='ltr' id='par_1_7' title="bbox 937 2958 1698 3010">
     <span class='ocr_line' id='line_1_25' title="bbox 937 2958 1698 3010; baseline 0.004 -9"><span class='ocrx_word' id='word_1_144' title='bbox 937 2961 1173 3010; x_wconf 76' lang='lat' dir='ltr'><strong>Panthus,</strong></span> <span class='ocrx_word' id='word_1_145' title='bbox 1204 2961 1362 3002; x_wconf 82' lang='lat' dir='ltr'><strong>Priest</strong></span> <span class='ocrx_word' id='word_1_146' title='bbox 1384 2958 1443 3003; x_wconf 74' lang='lat' dir='ltr'><strong>‘of</strong></span> <span class='ocrx_word' id='word_1_147' title='bbox 1470 2962 1698 3004; x_wconf 80' lang='lat' dir='ltr'><strong>Phoebus.</strong></span> 
     </span>
    </p>
   </div>
   <div class='ocr_carea' id='block_1_8' title="bbox 390 3079 2050 3456">
    <p class='ocr_par' dir='ltr' id='par_1_8' title="bbox 390 3079 2050 3456">
     <span class='ocr_line' id='line_1_26' title="bbox 476 3079 1991 3156; baseline -0.001 -16"><span class='ocrx_word' id='word_1_148' title='bbox 476 3082 637 3140; x_wconf 90' lang='lat' dir='ltr'><strong>Ecce</strong></span> <span class='ocrx_word' id='word_1_149' title='bbox 670 3088 875 3138; x_wconf 88' lang='lat' dir='ltr'><strong>autem</strong></span> <span class='ocrx_word' id='word_1_150' title='bbox 909 3079 1048 3139; x_wconf 89' lang='lat' dir='ltr'><strong>telis</strong></span> <span class='ocrx_word' id='word_1_151' title='bbox 1081 3079 1360 3139; x_wconf 90' lang='lat' dir='ltr'><strong>Panthus</strong></span> <span class='ocrx_word' id='word_1_152' title='bbox 1389 3080 1638 3156; x_wconf 91' lang='lat' dir='ltr'><strong>elapsus</strong></span> <span class='ocrx_word' id='word_1_153' title='bbox 1670 3081 1991 3154; x_wconf 88' lang='lat' dir='ltr'><strong>Achivom,</strong></span> 
     </span>
     <span class='ocr_line' id='line_1_27' title="bbox 393 3178 2001 3258; baseline 0.001 -20"><span class='ocrx_word' id='word_1_154' title='bbox 393 3179 673 3238; x_wconf 90' lang='lat' dir='ltr'><strong>Panthus</strong></span> <span class='ocrx_word' id='word_1_155' title='bbox 703 3180 1073 3258; x_wconf 90' lang='lat' dir='ltr'><strong>Othryades,</strong></span> <span class='ocrx_word' id='word_1_156' title='bbox 1108 3178 1267 3238; x_wconf 90' lang='lat' dir='ltr'><strong>arcis</strong></span> <span class='ocrx_word' id='word_1_157' title='bbox 1301 3179 1661 3256; x_wconf 90' lang='lat' dir='ltr'><strong>Phoebique</strong></span> <span class='ocrx_word' id='word_1_158' title='bbox 1693 3181 2001 3253; x_wconf 81' lang='lat' dir='ltr'><strong>sacerdOS,</strong></span> 
     </span>
     <span class='ocr_line' id='line_1_28' title="bbox 393 3279 2050 3357; baseline 0.001 -19"><span class='ocrx_word' id='word_1_159' title='bbox 393 3298 568 3338; x_wconf 88' lang='lat' dir='ltr'><strong>sacra</strong></span> <span class='ocrx_word' id='word_1_160' title='bbox 598 3297 784 3337; x_wconf 89' lang='lat' dir='ltr'><strong>manu</strong></span> <span class='ocrx_word' id='word_1_161' title='bbox 813 3279 1134 3356; x_wconf 91' lang='lat' dir='ltr'><strong>victosque</strong></span> <span class='ocrx_word' id='word_1_162' title='bbox 1166 3279 1320 3339; x_wconf 92' lang='lat' dir='ltr'><strong>deos</strong></span> <span class='ocrx_word' id='word_1_163' title='bbox 1349 3298 1730 3357; x_wconf 88' lang='lat' dir='ltr'><strong>parvumque</strong></span> <span class='ocrx_word' id='word_1_164' title='bbox 1762 3289 2050 3357; x_wconf 90' lang='lat' dir='ltr'><strong>nepotem</strong></span> 
     </span>
     <span class='ocr_line' id='line_1_29' title="bbox 390 3378 1945 3456; baseline 0.001 -18"><span class='ocrx_word' id='word_1_165' title='bbox 390 3380 525 3456; x_wconf 91' lang='lat' dir='ltr'><strong>ipse</strong></span> <span class='ocrx_word' id='word_1_166' title='bbox 556 3378 760 3452; x_wconf 91' lang='lat' dir='ltr'><strong>trahit,</strong></span> <span class='ocrx_word' id='word_1_167' title='bbox 794 3398 1098 3456; x_wconf 90' lang='lat' dir='ltr'><strong>cursuque</strong></span> <span class='ocrx_word' id='word_1_168' title='bbox 1130 3398 1346 3439; x_wconf 92' lang='lat' dir='ltr'><strong>amens</strong></span> <span class='ocrx_word' id='word_1_169' title='bbox 1377 3380 1459 3439; x_wconf 89' lang='lat' dir='ltr'><strong>ad</strong></span> <span class='ocrx_word' id='word_1_170' title='bbox 1489 3379 1700 3439; x_wconf 91' lang='lat' dir='ltr'><strong>limina</strong></span> <span class='ocrx_word' id='word_1_171' title='bbox 1730 3380 1945 3440; x_wconf 90' lang='lat' dir='ltr'><strong>tendit.</strong></span> 
     </span>
    </p>
   </div>
   <div class='ocr_carea' id='block_1_9' title="bbox 2186 301 2475 368">
    <p class='ocr_par' dir='ltr' id='par_1_9' title="bbox 2186 301 2475 368">
     <span class='ocr_line' id='line_1_30' title="bbox 2186 301 2475 368; baseline 0.01 -17"><span class='ocrx_word' id='word_1_172' title='bbox 2186 301 2375 368; x_wconf 78' lang='lat' dir='ltr'><strong>[Boox</strong></span> <span class='ocrx_word' id='word_1_173' title='bbox 2399 303 2475 354; x_wconf 91' lang='lat'><strong>11.</strong></span> 
     </span>
    </p>
   </div>
   <div class='ocr_carea' id='block_1_10' title="bbox 2378 1096 2476 1147">
    <p class='ocr_par' dir='ltr' id='par_1_10' title="bbox 2378 1096 2476 1147">
     <span class='ocr_line' id='line_1_31' title="bbox 2378 1096 2476 1147; baseline 0 -16"><span class='ocrx_word' id='word_1_174' title='bbox 2378 1096 2476 1147; x_wconf 83' lang='lat'><strong>300</strong></span> 
     </span>
    </p>
   </div>
   <div class='ocr_carea' id='block_1_11' title="bbox 2377 1595 2475 1649">
    <p class='ocr_par' dir='ltr' id='par_1_11' title="bbox 2377 1595 2475 1649">
     <span class='ocr_line' id='line_1_32' title="bbox 2377 1595 2475 1649; baseline 0.02 -2"><span class='ocrx_word' id='word_1_175' title='bbox 2377 1595 2475 1649; x_wconf 84' lang='lat'><strong>305</strong></span> 
     </span>
    </p>
   </div>
   <div class='ocr_carea' id='block_1_12' title="bbox 2380 2096 2479 2148">
    <p class='ocr_par' dir='ltr' id='par_1_12' title="bbox 2380 2096 2479 2148">
     <span class='ocr_line' id='line_1_33' title="bbox 2380 2096 2479 2148; baseline 0.01 -17"><span class='ocrx_word' id='word_1_176' title='bbox 2380 2096 2479 2148; x_wconf 87' lang='lat'><strong>310</strong></span> 
     </span>
    </p>
   </div>
   <div class='ocr_carea' id='block_1_13' title="bbox 2380 2595 2479 2648">
    <p class='ocr_par' dir='ltr' id='par_1_13' title="bbox 2380 2595 2479 2648">
     <span class='ocr_line' id='line_1_34' title="bbox 2380 2595 2479 2648; baseline 0.02 -2"><span class='ocrx_word' id='word_1_177' title='bbox 2380 2595 2479 2648; x_wconf 82' lang='lat'><strong>315</strong></span> 
     </span>
    </p>
   </div>
   <div class='ocr_carea' id='block_1_14' title="bbox 2386 3293 2487 3344">
    <p class='ocr_par' dir='ltr' id='par_1_14' title="bbox 2386 3293 2487 3344">
     <span class='ocr_line' id='line_1_35' title="bbox 2386 3293 2487 3344; baseline 0.01 -15"><span class='ocrx_word' id='word_1_178' title='bbox 2386 3293 2487 3344; x_wconf 87' lang='lat'><strong>320</strong></span> 
     </span>
    </p>
   </div>
   <div class='ocr_carea' id='block_1_15' title="bbox 318 3477 2484 3557">
    <p class='ocr_par' dir='ltr' id='par_1_15' title="bbox 318 3477 2484 3557">
     <span class='ocr_line' id='line_1_36' title="bbox 318 3477 2484 3557; baseline 0.002 -22"><span class='ocrx_word' id='word_1_179' title='bbox 318 3530 324 3535; x_wconf 80' lang='grc'><em>.</em></span> <span class='ocrx_word' id='word_1_180' title='bbox 389 3477 405 3502; x_wconf 76' lang='grc'><em>“</em></span> <span class='ocrx_word' id='word_1_181' title='bbox 423 3480 565 3554; x_wconf 87' lang='lat' dir='ltr'><strong>Quo</strong></span> <span class='ocrx_word' id='word_1_182' title='bbox 595 3498 694 3538; x_wconf 93' lang='lat' dir='ltr'><strong>res</strong></span> <span class='ocrx_word' id='word_1_183' title='bbox 727 3498 988 3553; x_wconf 90' lang='lat' dir='ltr'><strong>summa,</strong></span> <span class='ocrx_word' id='word_1_184' title='bbox 1022 3479 1179 3550; x_wconf 82' lang='lat' dir='ltr'><strong>locO,</strong></span> <span class='ocrx_word' id='word_1_185' title='bbox 1209 3480 1495 3540; x_wconf 87' lang='lat' dir='ltr'><strong>Panthu?</strong></span> <span class='ocrx_word' id='word_1_186' title='bbox 1585 3480 1790 3554; x_wconf 89' lang='lat' dir='ltr'><strong>Quam</strong></span> <span class='ocrx_word' id='word_1_187' title='bbox 1819 3478 2178 3557; x_wconf 90' lang='lat' dir='ltr'><strong>prendimus</strong></span> <span class='ocrx_word' id='word_1_188' title='bbox 2208 3481 2484 3539; x_wconf 88' lang='lat' dir='ltr'><strong>arcem?&#39;</strong></span> 
     </span>
    </p>
   </div>
   <div class='ocr_carea' id='block_1_16' title="bbox 388 3579 2013 3859">
    <p class='ocr_par' dir='ltr' id='par_1_16' title="bbox 388 3579 2013 3859">
     <span class='ocr_line' id='line_1_37' title="bbox 388 3579 1910 3656; baseline 0.002 -20"><span class='ocrx_word' id='word_1_189' title='bbox 388 3579 510 3637; x_wconf 87' lang='lat' dir='ltr'><strong>Vix</strong></span> <span class='ocrx_word' id='word_1_190' title='bbox 540 3598 615 3638; x_wconf 92' lang='lat' dir='ltr'><strong>ea</strong></span> <span class='ocrx_word' id='word_1_191' title='bbox 643 3580 809 3638; x_wconf 86' lang='lat' dir='ltr'><strong>fatus</strong></span> <span class='ocrx_word' id='word_1_192' title='bbox 843 3597 1027 3651; x_wconf 88' lang='lat' dir='ltr'><strong>eram,</strong></span> <span class='ocrx_word' id='word_1_193' title='bbox 1060 3579 1292 3656; x_wconf 88' lang='lat' dir='ltr'><strong>gemitu</strong></span> <span class='ocrx_word' id='word_1_194' title='bbox 1322 3598 1463 3638; x_wconf 89' lang='lat' dir='ltr'><strong>cum</strong></span> <span class='ocrx_word' id='word_1_195' title='bbox 1495 3580 1643 3639; x_wconf 91' lang='lat' dir='ltr'><strong>talia</strong></span> <span class='ocrx_word' id='word_1_196' title='bbox 1673 3580 1910 3640; x_wconf 87' lang='lat' dir='ltr'><strong>reddit:</strong></span> 
     </span>
     <span class='ocr_line' id='line_1_38' title="bbox 392 3677 1843 3759; baseline 0.002 -22"><span class='ocrx_word' id='word_1_197' title='bbox 392 3677 408 3702; x_wconf 77' lang='grc'><em>“</em></span> <span class='ocrx_word' id='word_1_198' title='bbox 427 3679 617 3738; x_wconf 88' lang='lat' dir='ltr'><strong>Venit</strong></span> <span class='ocrx_word' id='word_1_199' title='bbox 648 3697 887 3738; x_wconf 92' lang='lat' dir='ltr'><strong>summa</strong></span> <span class='ocrx_word' id='word_1_200' title='bbox 918 3679 1051 3738; x_wconf 92' lang='lat' dir='ltr'><strong>dies</strong></span> <span class='ocrx_word' id='word_1_201' title='bbox 1081 3688 1144 3738; x_wconf 92' lang='lat' dir='ltr'><strong>et</strong></span> <span class='ocrx_word' id='word_1_202' title='bbox 1175 3679 1568 3739; x_wconf 89' lang='lat' dir='ltr'><strong>ineluctabile</strong></span> <span class='ocrx_word' id='word_1_203' title='bbox 1600 3690 1843 3759; x_wconf 90' lang='lat' dir='ltr'><strong>tempus</strong></span> 
     </span>
     <span class='ocr_line' id='line_1_39' title="bbox 392 3777 2013 3859; baseline 0.002 -22"><span class='ocrx_word' id='word_1_204' title='bbox 392 3777 789 3838; x_wconf 87' lang='lat' dir='ltr'><strong>Dardaniae:</strong></span> <span class='ocrx_word' id='word_1_205' title='bbox 832 3777 1060 3838; x_wconf 82' lang='lat' dir='ltr'><strong>fuimus</strong></span> <span class='ocrx_word' id='word_1_206' title='bbox 1091 3780 1305 3851; x_wconf 91' lang='lat' dir='ltr'><strong>Troes,</strong></span> <span class='ocrx_word' id='word_1_207' title='bbox 1338 3779 1458 3839; x_wconf 83' lang='lat' dir='ltr'><strong>fuit</strong></span> <span class='ocrx_word' id='word_1_208' title='bbox 1489 3780 1672 3840; x_wconf 91' lang='lat' dir='ltr'><strong>Ilium</strong></span> <span class='ocrx_word' id='word_1_209' title='bbox 1704 3790 1766 3840; x_wconf 91' lang='lat' dir='ltr'><strong>et</strong></span> <span class='ocrx_word' id='word_1_210' title='bbox 1796 3781 2013 3859; x_wconf 89' lang='lat' dir='ltr'><strong>ingens</strong></span> 
     </span>
    </p>
   </div>
   <div class='ocr_carea' id='block_1_17' title="bbox 2388 3794 2489 3847">
    <p class='ocr_par' dir='ltr' id='par_1_17' title="bbox 2388 3794 2489 3847">
     <span class='ocr_line' id='line_1_40' title="bbox 2388 3794 2489 3847; baseline 0.01 -1"><span class='ocrx_word' id='word_1_211' title='bbox 2388 3794 2489 3847; x_wconf 81' lang='lat'><strong>325</strong></span> 
     </span>
    </p>
   </div>
  </div>
 </body>
</html>
