2796 4287
435 318 561 380 104
1243 305 1305 369 T
1293 308 1375 370 he
1421 308 1697 373 AEneid.
2204 324 2396 391 [Boox
2420 328 2517 377 IV.

427 493 648 554 detulit
679 495 897 554 armari
928 496 1193 556 classem
1224 516 1594 576 cursumque
1624 502 1842 578 parari.

427 592 635 652 Saevit
664 593 847 672 inops
878 595 1081 668 animi,
1116 604 1434 674 totamque
1464 598 1724 660 incensa
1753 620 1863 678 per
1892 604 2105 663 urbem
2416 637 2514 689 300

423 692 776 766 bacchatur,
811 693 1012 772 qualis
1043 697 1367 758 commotis
1395 697 1599 757 excita
1628 701 1821 760 sacris

423 791 675 870 Thyias,
711 793 815 852 ubi
847 795 1058 855 audito
1089 796 1409 858 stimulant
1438 799 1747 860 trieterica
1778 803 2026 863 Baccho

423 891 610 969 orgia,
644 891 1105 972 nocturnusque
1135 908 1315 958 vocat
1344 890 1612 961 clamore
1644 901 2000 963 Cithaeron.

423 992 705 1052 Tandem
725 993 824 1053 his
855 997 1114 1055 Aenean
1144 999 1474 1076 compellat
1503 1000 1760 1061 vocibus
1792 1002 1952 1063 ultro
1977 1026 1991 1063 z

1045 1177 1217 1220 Dido's
1245 1180 1569 1232 Reptoaches.

507 1301 522 1329 ‘
544 1295 946 1355 Dissimulare
976 1296 1162 1357 etiam
1194 1299 1473 1374 sperasti,
1507 1301 1758 1376 perfide,-
1792 1311 2034 1363 tantum
2414 1338 2514 1391 305

419 1413 605 1471 posse
637 1396 815 1455 nefas
846 1396 1194 1474 tacitusque
1225 1417 1362 1457 mea
1393 1399 1697 1460 decedere
1727 1406 1923 1463 terra?

421 1497 555 1554 Nec
583 1504 644 1554 te
674 1505 885 1557 noster
915 1516 1102 1572 amor,
1138 1517 1255 1558 nec
1286 1508 1347 1558 te
1380 1499 1528 1559 data
1557 1499 1810 1560 dextera
1840 1502 2169 1580 quondam,

419 1614 534 1654 nec
562 1596 854 1656 moritura
883 1606 1054 1657 tenet
1084 1598 1318 1658 crudeli
1349 1600 1565 1658 funere
1599 1600 1809 1661 Dido?

419 1695 585 1770 Quin
618 1696 804 1756 etiam
834 1697 1094 1758 hiberno
1124 1698 1358 1758 moliris
1390 1699 1593 1759 sidere
1623 1700 1904 1774 classem,

417 1804 480 1854 et
510 1796 729 1856 mediis
759 1817 1052 1875 properas
1088 1798 1480 1875 aquilonibus
1512 1800 1600 1858 ire
1629 1819 1740 1876 per
1763 1801 1971 1874 altum,
2412 1837 2512 1888 3¹0

417 1896 682 1956 crudelis
707 1901 730 1957 ?
817 1899 1002 1973 Quid,
1038 1898 1091 1957 si
1120 1918 1247 1958 non
1277 1917 1424 1957 arva
1453 1899 1654 1958 aliena
1685 1900 2026 1978 domosque

415 1997 660 2074 ignotas
689 2009 948 2075 petereS,
982 1998 1096 2058 sed
1126 1998 1315 2058 Troia
1344 1998 1600 2075 antiqua
1631 2011 1922 2073 maneret,

415 2098 602 2158 Troia
630 2117 740 2176 per
768 2098 1077 2159 undosum
1106 2108 1420 2176 peteretur
1449 2099 1754 2160 classibus
1785 2105 2058 2178 aequor?

417 2199 606 2257 Mene
635 2199 836 2277 fugis?
928 2202 1045 2259 Per
1072 2219 1189 2278 ego
1219 2200 1334 2259 has
1365 2199 1652 2259 lacrimas
1682 2201 2084 2278 dextramque
2114 2194 2377 2265 tuam‘te

412 2299 691 2377 (quando
720 2298 888 2359 aliud
918 2299 1067 2358 mihi
1097 2299 1221 2358 iam
1252 2299 1514 2359 miserae
1544 2300 1699 2359 nihil
1730 2300 1869 2378 ipsa
1896 2293 2143 2383 reliqui)
2409 2336 2509 2389 315

413 2417 524 2474 per
552 2399 819 2459 conubia
849 2410 1079 2474 nostra,
1112 2391 1223 2477 per'
1253 2400 1537 2477 inceptos
1565 2401 1959 2479 hymenaeos3
2223 2395 2230 2399 ’
2461 2397 2468 2403 ’

413 2497 465 2556 si
494 2486 656 2559 bene
686 2499 836 2578 quid
866 2501 943 2559 de
973 2509 1034 2560 te
1064 2491 1275 2574 merui,
1308 2489 1426 2560 fui't
1457 2510 1563 2560 aut
1592 2500 1705 2560 tibi
1736 2494 2092 2580 quicquam·-

414 2598 592 2658 dulce
622 2618 841 2673 meum,
874 2599 1162 2659 miserere
1193 2601 1415 2659 domus
1446 2600 1731 2674 labentiS,
1765 2611 1828 2660 et
1857 2601 2039 2662 istam
2059 2638 2146 2648 —

411 2718 537 2772 oro,
571 2698 625 2759 si
655 2699 794 2776 quis
824 2699 1027 2759 adhuc
1057 2700 1345 2777 precibus
1376 2700 1827 2760 locus—exue
1856 2712 2143 2762 mentem.

410 2799 502 2858 Te
530 2808 780 2877 propter
809 2799 1078 2878 Libycae
1107 2809 1326 2877 gentes
1360 2800 1837 2877 Nomadumque
1867 2802 2111 2879 tyranni
2405 2837 2504 2889 320

411 2900 614 2972 odere,
647 2899 873 2958 infensi
903 2900 1072 2979 Tyrii
1100 2923 1113 2971 3
1159 2909 1219 2959 te
1250 2910 1505 2978 propter
1533 2901 1797 2961 eundem

409 2998 750 3059 exstinctus
780 3001 996 3075 pudor,
1031 3008 1110 3072 et,
1146 3019 1269 3076 qua
1300 3000 1435 3059 sola
1465 2999 1671 3059 sidera
1702 3001 1969 3075 adibam,

407 3099 572 3159 fama
600 3098 781 3176 prior.
873 3099 990 3159 Cui
1020 3118 1118 3158 me
1149 3099 1579 3159 moribundam
1610 3100 1863 3176 deseriS,
1897 3102 2164 3180 hospes?

412 3199 556 3259 Hoc
585 3199 784 3259 solum
815 3218 1040 3260 nomen
1073 3199 1375 3277 quoniam·
1396 3201 1475 3259 de
1506 3200 1769 3279 coniuge
1799 3211 2009 3262 restat.

408 3298 577 3373 Quid
606 3301 840 3358 moror?
929 3303 1029 3359 An
1060 3319 1197 3359 mea
1230 3300 1588 3379 Pygmalion
1621 3300 1769 3361 dum
1797 3301 2045 3361 moenia
2073 3302 2264 3364 frater
2400 3335 2496 3389 3²5

408 3400 701 3473 destruat,
737 3407 843 3458 aut
873 3409 1118 3476 captam
1148 3399 1335 3459 ducat
1367 3400 1670 3460 Gaetulus
1703 3401 1969 3462 Iarbas?

410 3500 641 3560 Saltem
671 3498 725 3559 si
755 3519 878 3576 qua
907 3500 1055 3558 mihi
1087 3501 1163 3559 de
1193 3509 1254 3559 te
1286 3510 1577 3577 suscepta
1606 3500 1830 3561 fuisset

409 3608 551 3658 ante
581 3600 792 3677 fugam
824 3599 1090 3673 suboles,
1126 3592 1178 3659 si
1211 3599 1350 3676 quis
1381 3599 1532 3658 mihi
1562 3601 1853 3678 parvulus
1884 3602 2026 3661 aula

408 3697 647 3759 luderet
679 3701 945 3771 AeneaS,
981 3699 1086 3776 qui
1116 3707 1179 3757 te
1210 3708 1417 3758 tamen
1449 3718 1555 3759 ore
1584 3701 1856 3774 referret,

407 3816 533 3857 non
562 3798 851 3875 equidem
879 3798 1130 3856 omnino
1163 3809 1342 3877 capta
1360 3816 1449 3863 =ac
1480 3798 1727 3859 deserta
1757 3799 2035 3861 viderer.'
2400 3835 2499 3888 330
