2796 4287
318 335 586 402 299-361.]
1015 324 1198 388 Dido
1241 324 1391 389 and
1431 323 1714 389 AEneas.
2293 337 2376 387 10
2381 336 2415 404 5

970 596 1460 640 &mu-moveo.

400 715 679 777 Dixerat.
771 715 889 775 Ille
922 714 1089 775 Iovis
1119 714 1371 776 monitis
1402 714 1656 777 immota
1682 715 1937 777 tenebat

317 814 569 889 lumina,
601 824 665 874 et
694 814 964 875 obnixus
991 832 1203 874 curam
1232 815 1351 876 sub
1379 815 1570 875 corde
1600 815 1936 893 premebat.

317 915 604 975 Tandem
633 934 836 992 pauca
864 915 1083 975 refert:
1131 920 1147 949 ⁴
1162 915 1295 994 Ego
1323 923 1406 989 te,
1438 934 1599 993 quae
1627 915 1888 993 plurima
1907 915 2100 976 fando

317 1033 679 1075 enumerare
708 1014 900 1088 vales,
933 1033 1287 1092 numquam,
1318 1013 1552 1093 regina,
1584 1015 1830 1093 negabo

316 1114 714 1194 promeritam
742 1137 757 1189 3
790 1133 909 1176 nec
937 1133 1035 1175 me
1067 1114 1424 1175 meminisse
1454 1114 1692 1193 pigebit
1724 1115 1979 1187 Elissae,
2316 1143 2414 1199 335

318 1217 463 1275 dum
495 1234 733 1275 memor
762 1214 897 1292 ipse
927 1214 1066 1289 mei,
1098 1207 1247 1275 dum
1277 1214 1531 1292 spiritus
1560 1216 1679 1276 hos
1708 1215 1864 1294 regit
1895 1226 2080 1275 artus.

320 1318 441 1376 Pro
471 1335 538 1375 re
569 1334 774 1394 pauca
802 1314 1035 1392 loquar.
1128 1317 1350 1393 Neque
1381 1334 1500 1394 ego
1529 1316 1693 1375 hane
1723 1316 2106 1376 abscondere
2138 1315 2300 1374 furto

319 1416 668 1494 speravi—
687 1434 769 1475 ne
798 1415 962 1494 finge
985 1415 1308 1495 -fugam,
1342 1434 1460 1475 nec
1488 1414 1771 1493 coniugis
1801 1433 2090 1493 umquam

317 1514 643 1593 praetendi
673 1514 910 1589 taedas,
943 1525 1051 1575 aut
1080 1515 1238 1575 haec
1268 1515 1333 1575 in
1360 1516 1618 1576 foedera
1647 1515 1808 1575 veni.

323 1616 426 1676 Me
456 1616 512 1676 si
540 1616 673 1675 fata
704 1614 860 1675 meis
889 1625 1247 1693 paterentur
1276 1616 1504 1676 ducere
1536 1615 1724 1676 vitam
2316 1646 2415 1698 340

320 1715 613 1793 auspiciis
644 1725 707 1775 et
736 1723 957 1792 sponte
988 1734 1127 1775 mea
1154 1733 1527 1794 componere
1556 1735 1753 1789 curas»,

321 1817 533 1877 urbem
562 1814 898 1875 Troianam
928 1814 1192 1893 primum
1221 1815 1545 1894 dulcisque
1575 1834 1848 1875 meorum

319 1916 612 1994 reliquias
642 1915 930 1989 colerem,
965 1914 1190 1975 Priami
1219 1924 1386 1975 tecta
1415 1916 1542 1975 alta
1570 1926 1912 1990 manerent,

319 2026 380 2076 et
407 2015 685 2076 recidiva
715 2034 902 2075 manu
929 2015 1277 2093 posuissem
1310 2017 1610 2093 Pergama
1638 2015 1837 2076 victis.

322 2117 442 2178 Sed
473 2134 641 2176 nunc
674 2115 916 2176 Italiam
950 2134 1238 2194 magnam
1268 2116 1557 2196 Gryneus
1587 2116 1833 2193 Apollo,
2317 2146 2414 2200 3⁴5

322 2217 567 2277 Italiam
600 2215 829 2296 Lyciae
859 2215 1094 2276 iussere
1123 2235 1452 2294 capessere
1483 2227 1720 2278 sortes:

319 2318 418 2377 hie
448 2335 643 2390 amor,
675 2316 834 2377 haec
862 2315 1065 2396 patria
1094 2325 1209 2377 est.
1301 2316 1366 2377 Si
1395 2327 1459 2377 te
1492 2317 1898 2396 Karthaginis
1927 2336 2119 2392 arces,

320 2417 748 2489 Phoenissam,
782 2415 1181 2496 Libycaeque
1212 2426 1505 2493 aspectus
1536 2417 1775 2477 detinet
1805 2418 1991 2490 urbis,

319 2537 476 2595 quae
505 2516 780 2589 tandem,
816 2516 1098 2577 Ausonia
1127 2518 1406 2577 Teucros
1435 2516 1759 2578 considere
1790 2527 1968 2591 terra,

321 2617 556 2677 invidia
585 2618 732 2677 est?
822 2617 899 2676 Et
930 2636 1045 2677 nos
1073 2617 1173 2678 fas
1202 2627 1415 2677 extera
1445 2636 1740 2695 quaerere
1771 2637 1978 2697 regna.
2317 2647 2415 2700 350

321 2719 424 2777 Me
454 2715 651 2796 patris
681 2716 1020 2791 Anchisae,
1052 2716 1342 2794 quotiens
1372 2717 1728 2778 umentibus
1757 2718 1991 2779 umbris

319 2837 441 2877 nox
469 2816 674 2895 operit
702 2826 917 2891 terras,
951 2816 1241 2894 quotiens
1272 2827 1441 2878 astra
1470 2817 1653 2896 ignea
1682 2828 1957 2896 surgunt,

321 2919 614 2977 admonet
643 2915 708 2975 in
739 2915 976 2977 somnis
1006 2925 1070 2978 et
1097 2916 1346 2977 turbida
1375 2926 1565 2977 terret
1594 2916 1797 2996 imago
1828 2941 1843 2991 3

319 3037 414 3078 me
443 3036 600 3096 puer
629 3016 944 3077 Ascanius
973 3016 1321 3096 capitisque
1352 3016 1574 3077 iniuria
1604 3017 1749 3092 cari,

321 3136 501 3194 quem
529 3135 728 3195 regno
758 3115 1108 3194 Hesperiae
1135 3117 1361 3177 fraudo
1390 3126 1454 3177 et
1481 3115 1778 3177 fatalibus
1808 3117 1986 3179 arvis.
2319 3131 2415 3185 355

321 3218 379 3276 N
383 3236 504 3277 unc
533 3215 724 3277 etiam
753 3215 1060 3294 interpres
1089 3215 1319 3290 divom,
1353 3218 1504 3276 Iove
1533 3215 1759 3277 missus
1789 3218 1869 3277 ab
1899 3217 2034 3296 ipso
2055 3253 2138 3262 —

320 3325 513 3379 testor
543 3326 874 3395 utrumque
903 3324 1090 3393 caput
1108 3350 1197 3361 —
1217 3316 1436 3377 celeris
1465 3316 1759 3377 mandata
1787 3336 1899 3394 per
1928 3336 2110 3378 auras

321 3417 579 3492 detulit3
625 3415 761 3497 ipse
789 3416 977 3476 deum
1005 3414 1339 3476 manifesto
1367 3415 1434 3475 in
1464 3415 1693 3476 lumine
1723 3415 1848 3476 vidi

321 3517 652 3579 intrantem
681 3535 911 3590 muroS,
943 3535 1283 3594 vocemque
1313 3515 1412 3575 his
1442 3516 1694 3576 auribus
1724 3515 1920 3577 hausi.

326 3618 554 3680 Desine
584 3635 811 3696 meque
842 3615 963 3676 tuis
993 3615 1324 3677 incendere
1354 3625 1542 3695 teque
1572 3615 1875 3694 querelis3
2317 3631 2416 3697 360

321 3718 563 3780 Italiam
593 3737 723 3779 non
755 3724 984 3794 sponte
1014 3716 1278 3793 sequor.’
