2796 4287
393 280 419 322 Ι
439 278 518 323 10
1199 258 1332 321 The
1377 257 1657 322 AEnez'd.
2164 265 2356 330 [Boon
2381 266 2482 316 IV.

382 451 639 512 terribili
668 451 905 511 monitu
935 450 1308 511 horrificant.
1398 449 1548 528 Agit
1578 449 1710 527 ipse
1738 450 2047 509 furentem
2374 462 2480 531 465

383 554 446 611 in
479 552 713 612 somnis
741 553 910 611 serus
942 554 1225 624 Aeneas;
1274 556 1640 627 semperque
1670 548 1934 626 relinqui

384 654 516 712 sola
547 652 684 726 sibi,
718 671 962 728 semper
990 651 1236 728 longam
1265 650 1623 734 incomitata
1652 649 1895 708 videtur

384 754 471 813 ire
502 752 681 826 viam,
715 761 777 810 et
806 751 1026 830 Tyrios
1057 751 1301 810 deserta
1332 769 1625 827 quaerere
1656 758 1835 809 terra.

387 853 795 913 Eumenidum
825 850 1015 910 veluti
1046 851 1302 911 demens
1330 850 1502 909 videt
1530 848 1776 927 agmina
1808 851 2139 923 PentheuS,

385 963 447 1012 et
478 953 671 1012 solem
699 952 1012 1031 geminum
1043 960 1106 1011 et
1135 951 1400 1028 duplicis
1429 969 1497 1011 se
1527 951 1856 1010 ostendere
1888 951 2142 1009 Thebas
2169 974 2185 1023 ;
2377 981 2481 1028 470

387 1063 491 1112 aut
521 1052 1048 1130 Agamemnonius
1079 1051 1321 1111 scaenis
1353 1050 1622 1128 agitatus
1652 1052 1905 1111 Orestes

387 1162 683 1212 armatam
712 1153 956 1211 facibus
986 1161 1242 1211 matrem
1273 1161 1336 1211 et
1365 1151 1757 1227 serpentibus
1788 1150 1935 1209 atris

387 1272 526 1311 cum
555 1251 730 1329 fugit,
765 1251 1134 1328 ultricesque
1166 1252 1388 1312 sedent
1418 1252 1477 1309 in
1512 1250 1719 1309 limine
1754 1250 1956 1310 Dirae.

1460 2444 1625 2496 &Q
1727 2484 1775 2532 Q]
1919 2415 1967 2452 a*
2063 2440 2104 2518 <fs
2195 2530 2197 2532 K

1115 2735 1322 2776 Onsssrsss
1349 2747 1449 2776 Am)
1476 2747 1572 2776 ‘run
1600 2734 1782 2776 Fuluus.

980 2934 1083 2975 The
1110 2935 1315 2975 Funeral
1353 2935 1493 2985 Pyre.

478 3055 637 3129 Ergo
670 3052 775 3111 ubi
806 3052 1092 3130 concepit
1121 3052 1313 3112 furias
1345 3053 1545 3112 evicta
1576 3053 1789 3114 dolore

392 3152 786 3229 decrevitque
818 3153 989 3227 mori,
1021 3162 1266 3230 tempus
1297 3172 1509 3214 secum
1539 3153 1673 3230 ipsa
1702 3155 2077 3231 modumque
2383 3183 2480 3236 ⁴75

391 3251 596 3329 exigit,
630 3262 706 3325 et,
740 3264 1038 3313 maestam
1069 3253 1252 3313 dictis
1285 3254 1581 3331 adgressa
1610 3273 1899 3326 sororem,

391 3352 716 3411 consilium
747 3355 916 3413 voltu
947 3353 1114 3431 tegit,
1150 3373 1231 3412 ac
1254 3373 1427 3431 spem
1457 3355 1660 3413 fronte
1691 3364 1935 3414 serenat
1965 3377 1977 3413 ε

473 3450 489 3475 ¹
508 3453 746 3527 Inveni,
778 3472 1087 3531 germana,
1120 3453 1283 3512 viam
1305 3489 1391 3497 —
1411 3463 1652 3532 gratare
1683 3454 1878 3513 sorori
1899 3489 1984 3499 —

391 3571 548 3628 quae
577 3552 726 3612 mihi
757 3554 978 3613 reddat
1007 3573 1163 3627 eum,
1196 3554 1294 3613 vel
1324 3574 1400 3614 eo
1430 3573 1526 3613 me
1558 3554 1760 3614 solvat
1789 3563 2116 3615 amantem.

389 3650 627 3711 Oceani
657 3653 841 3711 finem
870 3652 1039 3713 iuxta
1068 3653 1386 3730 solemque
1417 3653 1743 3713 cadentem
2379 3670 2479 3734 480

391 3749 640 3810 ultimus
671 3751 1046 3826 Aethiopum
1077 3752 1250 3812 locus
1282 3761 1394 3826 est,
1430 3751 1536 3811 ubi
1568 3770 1887 3812 maxumus
1918 3752 2097 3812 Atlas
