<?xml version="1.0" encoding="UTF-8"?>
<!DOCTYPE html PUBLIC "-//W3C//DTD XHTML 1.0 Transitional//EN"
    "http://www.w3.org/TR/xhtml1/DTD/xhtml1-transitional.dtd">
<html xmlns="http://www.w3.org/1999/xhtml" xml:lang="en" lang="en">
 <head>
  <title>
</title>
<meta http-equiv="Content-Type" content="text/html;charset=utf-8" />
  <meta name='ocr-system' content='tesseract 3.04.00' />
  <meta name='ocr-capabilities' content='ocr_page ocr_carea ocr_par ocr_line ocrx_word'/>
</head>
<body>
  <div class='ocr_page' id='page_1' title='image "./greaterpoemsvir01kittgoog_0164.png"; bbox 0 0 2796 4287; ppageno 0'>
   <div class='ocr_carea' id='block_1_1' title="bbox 427 293 2525 371">
    <p class='ocr_par' dir='ltr' id='par_1_1' title="bbox 427 293 2525 371">
     <span class='ocr_line' id='line_1_1' title="bbox 427 293 2525 371; baseline -0.001 -11"><span class='ocrx_word' id='word_1_1' title='bbox 427 297 516 360; x_wconf 90' lang='lat'><strong>86</strong></span> <span class='ocrx_word' id='word_1_2' title='bbox 1242 293 1378 357; x_wconf 76' lang='lat' dir='ltr'><strong>The</strong></span> <span class='ocrx_word' id='word_1_3' title='bbox 1423 293 1703 359; x_wconf 81' lang='lat' dir='ltr'><strong>AEneid.</strong></span> <span class='ocrx_word' id='word_1_4' title='bbox 2190 305 2384 371; x_wconf 67' lang='lat' dir='ltr'><strong>[Boon</strong></span> <span class='ocrx_word' id='word_1_5' title='bbox 2415 307 2525 358; x_wconf 91' lang='lat'>111.</span> 
     </span>
    </p>
   </div>
   <div class='ocr_carea' id='block_1_2' title="bbox 426 485 2124 858">
    <p class='ocr_par' dir='ltr' id='par_1_2' title="bbox 429 485 2124 664">
     <span class='ocr_line' id='line_1_2' title="bbox 429 485 2124 565; baseline 0 -19"><span class='ocrx_word' id='word_1_6' title='bbox 429 486 902 565; x_wconf 84' lang='lat' dir='ltr'><strong>praeceptisque</strong></span> <span class='ocrx_word' id='word_1_7' title='bbox 934 485 1183 559; x_wconf 87' lang='lat' dir='ltr'>Heleni,</span> <span class='ocrx_word' id='word_1_8' title='bbox 1216 486 1475 545; x_wconf 89' lang='lat' dir='ltr'><strong>dederat</strong></span> <span class='ocrx_word' id='word_1_9' title='bbox 1505 504 1665 561; x_wconf 89' lang='lat' dir='ltr'><strong>quae</strong></span> <span class='ocrx_word' id='word_1_10' title='bbox 1694 485 1976 559; x_wconf 87' lang='lat' dir='ltr'><strong>maxima,</strong></span> <span class='ocrx_word' id='word_1_11' title='bbox 2010 485 2124 562; x_wconf 74' lang='lat' dir='ltr'><strong>rite</strong></span> 
     </span>
     <span class='ocr_line' id='line_1_3' title="bbox 430 585 1858 664; baseline 0 -19"><span class='ocrx_word' id='word_1_12' title='bbox 430 586 657 646; x_wconf 89' lang='lat' dir='ltr'><strong>Iunoni</strong></span> <span class='ocrx_word' id='word_1_13' title='bbox 687 586 954 664; x_wconf 90' lang='lat' dir='ltr'><strong>Argivae</strong></span> <span class='ocrx_word' id='word_1_14' title='bbox 985 585 1188 645; x_wconf 89' lang='lat' dir='ltr'><strong>iussos</strong></span> <span class='ocrx_word' id='word_1_15' title='bbox 1220 585 1543 644; x_wconf 88' lang='lat' dir='ltr'><strong>adolemus</strong></span> <span class='ocrx_word' id='word_1_16' title='bbox 1573 585 1858 645; x_wconf 80' lang='lat' dir='ltr'><strong>honores,</strong></span> 
     </span>
    </p>

    <p class='ocr_par' dir='ltr' id='par_1_3' title="bbox 426 684 2034 858">
     <span class='ocr_line' id='line_1_4' title="bbox 513 684 2034 762; baseline 0 -18"><span class='ocrx_word' id='word_1_17' title='bbox 513 687 705 746; x_wconf 88' lang='lat' dir='ltr'><strong>Haud</strong></span> <span class='ocrx_word' id='word_1_18' title='bbox 736 705 921 758; x_wconf 91' lang='lat' dir='ltr'><strong>mora,</strong></span> <span class='ocrx_word' id='word_1_19' title='bbox 955 684 1251 745; x_wconf 88' lang='lat' dir='ltr'><strong>continuo</strong></span> <span class='ocrx_word' id='word_1_20' title='bbox 1281 684 1577 762; x_wconf 82' lang='lat' dir='ltr'><strong>perfectis</strong></span> <span class='ocrx_word' id='word_1_21' title='bbox 1605 684 1825 744; x_wconf 86' lang='lat' dir='ltr'><strong>ordine</strong></span> <span class='ocrx_word' id='word_1_22' title='bbox 1854 684 2034 759; x_wconf 91' lang='lat' dir='ltr'><strong>votis,</strong></span> 
     </span>
     <span class='ocr_line' id='line_1_5' title="bbox 426 784 1889 858; baseline -0.003 -11"><span class='ocrx_word' id='word_1_23' title='bbox 426 807 657 847; x_wconf 89' lang='lat' dir='ltr'><strong>cornua</strong></span> <span class='ocrx_word' id='word_1_24' title='bbox 685 787 1024 846; x_wconf 88' lang='lat' dir='ltr'><strong>velatarum</strong></span> <span class='ocrx_word' id='word_1_25' title='bbox 1053 784 1434 845; x_wconf 83' lang='lat' dir='ltr'><strong>obvertimus</strong></span> <span class='ocrx_word' id='word_1_26' title='bbox 1465 794 1889 858; x_wconf 86' lang='lat' dir='ltr'><strong>antennarum,</strong></span> 
     </span>
    </p>
   </div>
   <div class='ocr_carea' id='block_1_3' title="bbox 426 884 2221 965">
    <p class='ocr_par' dir='ltr' id='par_1_4' title="bbox 426 884 2221 965">
     <span class='ocr_line' id='line_1_6' title="bbox 426 884 2221 965; baseline -0.001 -18"><span class='ocrx_word' id='word_1_27' title='bbox 426 886 970 965; x_wconf 89' lang='lat' dir='ltr'><strong>Graiugenumque</strong></span> <span class='ocrx_word' id='word_1_28' title='bbox 1001 886 1217 946; x_wconf 90' lang='lat' dir='ltr'><strong>domos</strong></span> <span class='ocrx_word' id='word_1_29' title='bbox 1248 894 1664 962; x_wconf 88' lang='lat' dir='ltr'><strong>suspectaque</strong></span> <span class='ocrx_word' id='word_1_30' title='bbox 1695 884 2029 962; x_wconf 91' lang='lat' dir='ltr'><strong>linquimus</strong></span> <span class='ocrx_word' id='word_1_31' title='bbox 2059 905 2221 945; x_wconf 90' lang='lat' dir='ltr'><strong>arva.</strong></span> 
     </span>
    </p>
   </div>
   <div class='ocr_carea' id='block_1_4' title="bbox 426 983 2061 1265">
    <p class='ocr_par' dir='ltr' id='par_1_5' title="bbox 426 983 2061 1265">
     <span class='ocr_line' id='line_1_7' title="bbox 428 983 2061 1066; baseline -0.002 -21"><span class='ocrx_word' id='word_1_32' title='bbox 428 987 599 1046; x_wconf 91' lang='lat' dir='ltr'><strong>Hinc</strong></span> <span class='ocrx_word' id='word_1_33' title='bbox 628 986 803 1046; x_wconf 91' lang='lat' dir='ltr'><strong>sinus</strong></span> <span class='ocrx_word' id='word_1_34' title='bbox 836 985 1130 1046; x_wconf 90' lang='lat' dir='ltr'><strong>Herculei</strong></span> <span class='ocrx_word' id='word_1_35' title='bbox 1165 985 1247 1066; x_wconf 90' lang='lat' dir='ltr'><strong>(si</strong></span> <span class='ocrx_word' id='word_1_36' title='bbox 1275 1004 1422 1045; x_wconf 88' lang='lat' dir='ltr'><strong>vera</strong></span> <span class='ocrx_word' id='word_1_37' title='bbox 1451 995 1548 1045; x_wconf 88' lang='lat' dir='ltr'><strong>est</strong></span> <span class='ocrx_word' id='word_1_38' title='bbox 1575 985 1769 1066; x_wconf 80' lang='lat' dir='ltr'><strong>fama)</strong></span> <span class='ocrx_word' id='word_1_39' title='bbox 1805 983 2061 1043; x_wconf 89' lang='lat' dir='ltr'><strong>Tarenti</strong></span> 
     </span>
     <span class='ocr_line' id='line_1_8' title="bbox 426 1085 1822 1159; baseline -0.003 -12"><span class='ocrx_word' id='word_1_40' title='bbox 426 1087 729 1159; x_wconf 90' lang='lat' dir='ltr'><strong>cernitur;</strong></span> <span class='ocrx_word' id='word_1_41' title='bbox 776 1086 1001 1146; x_wconf 91' lang='lat' dir='ltr'><strong>attollit</strong></span> <span class='ocrx_word' id='word_1_42' title='bbox 1031 1106 1098 1146; x_wconf 91' lang='lat' dir='ltr'><strong>se</strong></span> <span class='ocrx_word' id='word_1_43' title='bbox 1128 1085 1274 1146; x_wconf 91' lang='lat' dir='ltr'><strong>diva</strong></span> <span class='ocrx_word' id='word_1_44' title='bbox 1303 1085 1562 1145; x_wconf 91' lang='lat' dir='ltr'><strong>Lacinia</strong></span> <span class='ocrx_word' id='word_1_45' title='bbox 1591 1095 1822 1158; x_wconf 91' lang='lat' dir='ltr'><strong>contra,</strong></span> 
     </span>
     <span class='ocr_line' id='line_1_9' title="bbox 428 1184 1970 1265; baseline -0.002 -18"><span class='ocrx_word' id='word_1_46' title='bbox 428 1185 847 1265; x_wconf 89' lang='lat' dir='ltr'><strong>Caulonisque</strong></span> <span class='ocrx_word' id='word_1_47' title='bbox 878 1204 1053 1247; x_wconf 87' lang='lat' dir='ltr'><strong>arces</strong></span> <span class='ocrx_word' id='word_1_48' title='bbox 1083 1195 1145 1246; x_wconf 91' lang='lat' dir='ltr'><strong>et</strong></span> <span class='ocrx_word' id='word_1_49' title='bbox 1174 1185 1560 1264; x_wconf 83' lang='lat' dir='ltr'><strong>navifragum</strong></span> <span class='ocrx_word' id='word_1_50' title='bbox 1593 1184 1970 1264; x_wconf 87' lang='lat' dir='ltr'><strong>Scylaceum.</strong></span> 
     </span>
    </p>
   </div>
   <div class='ocr_carea' id='block_1_5' title="bbox 1170 1365 1464 1417">
    <p class='ocr_par' dir='ltr' id='par_1_6' title="bbox 1170 1365 1464 1417">
     <span class='ocr_line' id='line_1_10' title="bbox 1170 1365 1464 1417; baseline -0.003 -9"><span class='ocrx_word' id='word_1_51' title='bbox 1170 1365 1464 1417; x_wconf 73' lang='lat' dir='ltr'><strong>charybdin.</strong></span> 
     </span>
    </p>
   </div>
   <div class='ocr_carea' id='block_1_6' title="bbox 425 1483 2246 3063">
    <p class='ocr_par' dir='ltr' id='par_1_7' title="bbox 426 1483 2015 1563">
     <span class='ocr_line' id='line_1_11' title="bbox 426 1483 2015 1563; baseline -0.001 -18"><span class='ocrx_word' id='word_1_52' title='bbox 426 1487 586 1545; x_wconf 91' lang='lat' dir='ltr'><strong>Tum</strong></span> <span class='ocrx_word' id='word_1_53' title='bbox 615 1484 829 1563; x_wconf 92' lang='lat' dir='ltr'><strong>procul</strong></span> <span class='ocrx_word' id='word_1_54' title='bbox 859 1503 893 1545; x_wconf 90' lang='lat' dir='ltr'><strong>e</strong></span> <span class='ocrx_word' id='word_1_55' title='bbox 923 1485 1116 1545; x_wconf 87' lang='lat' dir='ltr'><strong>fluctu</strong></span> <span class='ocrx_word' id='word_1_56' title='bbox 1146 1483 1468 1543; x_wconf 90' lang='lat' dir='ltr'><strong>Trinacria</strong></span> <span class='ocrx_word' id='word_1_57' title='bbox 1497 1484 1764 1544; x_wconf 90' lang='lat' dir='ltr'><strong>cernitur</strong></span> <span class='ocrx_word' id='word_1_58' title='bbox 1793 1488 2015 1559; x_wconf 88' lang='lat' dir='ltr'><strong>Aetna,</strong></span> 
     </span>
    </p>

    <p class='ocr_par' dir='ltr' id='par_1_8' title="bbox 425 1584 2216 2164">
     <span class='ocr_line' id='line_1_12' title="bbox 426 1584 1964 1664; baseline -0.001 -19"><span class='ocrx_word' id='word_1_59' title='bbox 426 1596 489 1646; x_wconf 93' lang='lat' dir='ltr'><strong>et</strong></span> <span class='ocrx_word' id='word_1_60' title='bbox 515 1585 812 1664; x_wconf 86' lang='lat' dir='ltr'><strong>gemitum</strong></span> <span class='ocrx_word' id='word_1_61' title='bbox 843 1584 1155 1663; x_wconf 89' lang='lat' dir='ltr'><strong>ingentem</strong></span> <span class='ocrx_word' id='word_1_62' title='bbox 1182 1584 1388 1662; x_wconf 85' lang='lat' dir='ltr'><strong>pelagi</strong></span> <span class='ocrx_word' id='word_1_63' title='bbox 1419 1584 1785 1661; x_wconf 91' lang='lat' dir='ltr'><strong>pulsataque</strong></span> <span class='ocrx_word' id='word_1_64' title='bbox 1816 1603 1964 1643; x_wconf 83' lang='lat' dir='ltr'><strong>saxa</strong></span> 
     </span>
     <span class='ocr_line' id='line_1_13' title="bbox 427 1684 1860 1762; baseline -0.001 -17"><span class='ocrx_word' id='word_1_65' title='bbox 427 1686 710 1745; x_wconf 91' lang='lat' dir='ltr'><strong>audimus</strong></span> <span class='ocrx_word' id='word_1_66' title='bbox 741 1685 923 1762; x_wconf 89' lang='lat' dir='ltr'><strong>longe</strong></span> <span class='ocrx_word' id='word_1_67' title='bbox 952 1686 1305 1761; x_wconf 83' lang='lat' dir='ltr'><strong>fractasque</strong></span> <span class='ocrx_word' id='word_1_68' title='bbox 1338 1684 1419 1743; x_wconf 91' lang='lat' dir='ltr'><strong>ad</strong></span> <span class='ocrx_word' id='word_1_69' title='bbox 1448 1684 1625 1744; x_wconf 91' lang='lat' dir='ltr'><strong>litora</strong></span> <span class='ocrx_word' id='word_1_70' title='bbox 1655 1703 1860 1758; x_wconf 79' lang='lat' dir='ltr'><strong>voceS,</strong></span> 
     </span>
     <span class='ocr_line' id='line_1_14' title="bbox 427 1783 2132 1863; baseline 0 -17"><span class='ocrx_word' id='word_1_71' title='bbox 427 1786 859 1863; x_wconf 84' lang='lat' dir='ltr'><strong>exsultantque</strong></span> <span class='ocrx_word' id='word_1_72' title='bbox 890 1785 1067 1857; x_wconf 87' lang='lat' dir='ltr'><strong>vada,</strong></span> <span class='ocrx_word' id='word_1_73' title='bbox 1100 1794 1286 1860; x_wconf 89' lang='lat' dir='ltr'><strong>atque</strong></span> <span class='ocrx_word' id='word_1_74' title='bbox 1318 1794 1496 1843; x_wconf 90' lang='lat' dir='ltr'><strong>aestu</strong></span> <span class='ocrx_word' id='word_1_75' title='bbox 1526 1783 1863 1844; x_wconf 90' lang='lat' dir='ltr'><strong>miscentur</strong></span> <span class='ocrx_word' id='word_1_76' title='bbox 1892 1804 2132 1846; x_wconf 87' lang='lat' dir='ltr'><strong>arenae.</strong></span> 
     </span>
     <span class='ocr_line' id='line_1_15' title="bbox 428 1882 2196 1964; baseline 0 -18"><span class='ocrx_word' id='word_1_77' title='bbox 428 1889 506 1946; x_wconf 93' lang='lat' dir='ltr'><strong>Et</strong></span> <span class='ocrx_word' id='word_1_78' title='bbox 534 1895 708 1963; x_wconf 89' lang='lat' dir='ltr'><strong>pater</strong></span> <span class='ocrx_word' id='word_1_79' title='bbox 739 1884 1082 1949; x_wconf 89' lang='lat' dir='ltr'><strong>Anchises:</strong></span> <span class='ocrx_word' id='word_1_80' title='bbox 1127 1882 1143 1908; x_wconf 72' lang='lat'><em>³</em></span> <span class='ocrx_word' id='word_1_81' title='bbox 1161 1884 1464 1943; x_wconf 90' lang='lat' dir='ltr'><strong>Nimirum</strong></span> <span class='ocrx_word' id='word_1_82' title='bbox 1493 1884 1649 1944; x_wconf 90' lang='lat' dir='ltr'><strong>haec</strong></span> <span class='ocrx_word' id='word_1_83' title='bbox 1679 1884 1783 1943; x_wconf 91' lang='lat' dir='ltr'><strong>illa</strong></span> <span class='ocrx_word' id='word_1_84' title='bbox 1813 1884 2196 1964; x_wconf 85' lang='lat' dir='ltr'><strong>Charybdis:</strong></span> 
     </span>
     <span class='ocr_line' id='line_1_16' title="bbox 425 1985 2216 2062; baseline 0.001 -18"><span class='ocrx_word' id='word_1_85' title='bbox 425 1986 541 2045; x_wconf 90' lang='lat' dir='ltr'><strong>hos</strong></span> <span class='ocrx_word' id='word_1_86' title='bbox 576 1985 858 2045; x_wconf 92' lang='lat' dir='ltr'><strong>Helenus</strong></span> <span class='ocrx_word' id='word_1_87' title='bbox 889 1985 1198 2062; x_wconf 77' lang='lat' dir='ltr'><strong>scopu105,</strong></span> <span class='ocrx_word' id='word_1_88' title='bbox 1233 1985 1388 2047; x_wconf 86' lang='lat' dir='ltr'><strong>haec</strong></span> <span class='ocrx_word' id='word_1_89' title='bbox 1420 2002 1569 2043; x_wconf 84' lang='lat' dir='ltr'><strong>saxa</strong></span> <span class='ocrx_word' id='word_1_90' title='bbox 1599 1985 1906 2044; x_wconf 90' lang='lat' dir='ltr'><strong>horrenda</strong></span> <span class='ocrx_word' id='word_1_91' title='bbox 1935 1985 2216 2045; x_wconf 86' lang='lat' dir='ltr'><strong>canebat.</strong></span> 
     </span>
     <span class='ocr_line' id='line_1_17' title="bbox 429 2084 1965 2164; baseline 0 -18"><span class='ocrx_word' id='word_1_92' title='bbox 429 2084 677 2163; x_wconf 89' lang='lat' dir='ltr'><strong>Eripite,</strong></span> <span class='ocrx_word' id='word_1_93' title='bbox 711 2085 767 2146; x_wconf 92' lang='lat' dir='ltr'>O</span> <span class='ocrx_word' id='word_1_94' title='bbox 799 2084 967 2158; x_wconf 89' lang='lat' dir='ltr'><strong>socii,</strong></span> <span class='ocrx_word' id='word_1_95' title='bbox 999 2087 1348 2164; x_wconf 87' lang='lat' dir='ltr'><strong>pariterque</strong></span> <span class='ocrx_word' id='word_1_96' title='bbox 1381 2085 1678 2163; x_wconf 89' lang='lat' dir='ltr'><strong>insurgite</strong></span> <span class='ocrx_word' id='word_1_97' title='bbox 1708 2086 1892 2146; x_wconf 91' lang='lat' dir='ltr'><strong>remis</strong></span> <span class='ocrx_word' id='word_1_98' title='bbox 1916 2090 1928 2146; x_wconf 86' lang='lat' dir='ltr'><strong>l</strong></span> <span class='ocrx_word' id='word_1_99' title='bbox 1951 2086 1965 2112; x_wconf 93' lang='lat'>’</span> 
     </span>
    </p>

    <p class='ocr_par' dir='ltr' id='par_1_9' title="bbox 426 2183 2246 2645">
     <span class='ocr_line' id='line_1_18' title="bbox 512 2183 2246 2261; baseline -0.001 -17"><span class='ocrx_word' id='word_1_100' title='bbox 512 2186 704 2244; x_wconf 89' lang='lat' dir='ltr'><strong>Haud</strong></span> <span class='ocrx_word' id='word_1_101' title='bbox 734 2184 937 2244; x_wconf 86' lang='lat' dir='ltr'><strong>minus</strong></span> <span class='ocrx_word' id='word_1_102' title='bbox 967 2203 1041 2243; x_wconf 91' lang='lat' dir='ltr'><strong>ac</strong></span> <span class='ocrx_word' id='word_1_103' title='bbox 1069 2183 1221 2243; x_wconf 90' lang='lat' dir='ltr'><strong>iussi</strong></span> <span class='ocrx_word' id='word_1_104' title='bbox 1249 2184 1502 2257; x_wconf 78' lang='lat' dir='ltr'><strong>faciunt,</strong></span> <span class='ocrx_word' id='word_1_105' title='bbox 1538 2183 1894 2261; x_wconf 88' lang='lat' dir='ltr'><strong>primusque</strong></span> <span class='ocrx_word' id='word_1_106' title='bbox 1924 2184 2246 2243; x_wconf 90' lang='lat' dir='ltr'><strong>rudentem</strong></span> 
     </span>
     <span class='ocr_line' id='line_1_19' title="bbox 426 2284 1965 2361; baseline -0.001 -15"><span class='ocrx_word' id='word_1_107' title='bbox 426 2286 722 2347; x_wconf 87' lang='lat' dir='ltr'><strong>contorsit</strong></span> <span class='ocrx_word' id='word_1_108' title='bbox 748 2285 958 2344; x_wconf 90' lang='lat' dir='ltr'><strong>laevas</strong></span> <span class='ocrx_word' id='word_1_109' title='bbox 986 2303 1239 2361; x_wconf 51' lang='lat' dir='ltr'><strong>proram¹</strong></span> <span class='ocrx_word' id='word_1_110' title='bbox 1264 2284 1590 2344; x_wconf 91' lang='lat' dir='ltr'><strong>Palinurus</strong></span> <span class='ocrx_word' id='word_1_111' title='bbox 1619 2284 1701 2343; x_wconf 91' lang='lat' dir='ltr'><strong>ad</strong></span> <span class='ocrx_word' id='word_1_112' title='bbox 1731 2285 1965 2344; x_wconf 91' lang='lat' dir='ltr'><strong>undas:</strong></span> 
     </span>
     <span class='ocr_line' id='line_1_20' title="bbox 427 2383 2003 2460; baseline -0.001 -15"><span class='ocrx_word' id='word_1_113' title='bbox 427 2387 664 2445; x_wconf 89' lang='lat' dir='ltr'><strong>laevam</strong></span> <span class='ocrx_word' id='word_1_114' title='bbox 694 2395 919 2445; x_wconf 90' lang='lat' dir='ltr'><strong>cuncta</strong></span> <span class='ocrx_word' id='word_1_115' title='bbox 947 2385 1170 2444; x_wconf 92' lang='lat' dir='ltr'><strong>cohors</strong></span> <span class='ocrx_word' id='word_1_116' title='bbox 1198 2383 1383 2443; x_wconf 88' lang='lat' dir='ltr'><strong>remis</strong></span> <span class='ocrx_word' id='word_1_117' title='bbox 1414 2383 1740 2459; x_wconf 90' lang='lat' dir='ltr'><strong>ventisque</strong></span> <span class='ocrx_word' id='word_1_118' title='bbox 1768 2384 2003 2460; x_wconf 89' lang='lat' dir='ltr'><strong>petivit.</strong></span> 
     </span>
     <span class='ocr_line' id='line_1_21' title="bbox 427 2482 1943 2561; baseline -0.001 -17"><span class='ocrx_word' id='word_1_119' title='bbox 427 2485 724 2545; x_wconf 91' lang='lat' dir='ltr'><strong>Tollimur</strong></span> <span class='ocrx_word' id='word_1_120' title='bbox 752 2484 816 2543; x_wconf 89' lang='lat' dir='ltr'><strong>in</strong></span> <span class='ocrx_word' id='word_1_121' title='bbox 847 2484 1086 2544; x_wconf 90' lang='lat' dir='ltr'><strong>caelum</strong></span> <span class='ocrx_word' id='word_1_122' title='bbox 1115 2493 1368 2544; x_wconf 87' lang='lat' dir='ltr'><strong>curvato</strong></span> <span class='ocrx_word' id='word_1_123' title='bbox 1396 2482 1654 2561; x_wconf 89' lang='lat' dir='ltr'><strong>gurgite,</strong></span> <span class='ocrx_word' id='word_1_124' title='bbox 1688 2492 1751 2542; x_wconf 94' lang='lat' dir='ltr'><strong>et</strong></span> <span class='ocrx_word' id='word_1_125' title='bbox 1779 2483 1943 2543; x_wconf 90' lang='lat' dir='ltr'><strong>idem</strong></span> 
     </span>
     <span class='ocr_line' id='line_1_22' title="bbox 427 2583 1869 2645; baseline -0.001 0"><span class='ocrx_word' id='word_1_126' title='bbox 427 2586 732 2645; x_wconf 90' lang='lat' dir='ltr'><strong>subducta</strong></span> <span class='ocrx_word' id='word_1_127' title='bbox 760 2585 842 2644; x_wconf 91' lang='lat' dir='ltr'><strong>ad</strong></span> <span class='ocrx_word' id='word_1_128' title='bbox 873 2584 1082 2643; x_wconf 91' lang='lat' dir='ltr'><strong>Manis</strong></span> <span class='ocrx_word' id='word_1_129' title='bbox 1111 2583 1267 2644; x_wconf 90' lang='lat' dir='ltr'><strong>imos</strong></span> <span class='ocrx_word' id='word_1_130' title='bbox 1298 2583 1654 2643; x_wconf 90' lang='lat' dir='ltr'><strong>desedimus</strong></span> <span class='ocrx_word' id='word_1_131' title='bbox 1684 2584 1869 2643; x_wconf 88' lang='lat' dir='ltr'><strong>unda.</strong></span> 
     </span>
    </p>

    <p class='ocr_par' dir='ltr' id='par_1_10' title="bbox 427 2683 2022 3063">
     <span class='ocr_line' id='line_1_23' title="bbox 427 2683 2022 2761; baseline 0 -18"><span class='ocrx_word' id='word_1_132' title='bbox 427 2687 552 2744; x_wconf 91' lang='lat' dir='ltr'><strong>Ter</strong></span> <span class='ocrx_word' id='word_1_133' title='bbox 580 2683 820 2761; x_wconf 92' lang='lat' dir='ltr'><strong>scopuli</strong></span> <span class='ocrx_word' id='word_1_134' title='bbox 849 2684 1179 2744; x_wconf 90' lang='lat' dir='ltr'><strong>clamorem</strong></span> <span class='ocrx_word' id='word_1_135' title='bbox 1211 2683 1369 2743; x_wconf 89' lang='lat' dir='ltr'><strong>inter</strong></span> <span class='ocrx_word' id='word_1_136' title='bbox 1398 2702 1552 2742; x_wconf 91' lang='lat' dir='ltr'><strong>cava</strong></span> <span class='ocrx_word' id='word_1_137' title='bbox 1581 2702 1731 2742; x_wconf 85' lang='lat' dir='ltr'><strong>saxa</strong></span> <span class='ocrx_word' id='word_1_138' title='bbox 1758 2684 2022 2743; x_wconf 89' lang='lat' dir='ltr'><strong>dedere:</strong></span> 
     </span>
     <span class='ocr_line' id='line_1_24' title="bbox 427 2782 1971 2862; baseline -0.002 -18"><span class='ocrx_word' id='word_1_139' title='bbox 427 2795 519 2845; x_wconf 91' lang='lat' dir='ltr'><strong>ter</strong></span> <span class='ocrx_word' id='word_1_140' title='bbox 548 2804 827 2862; x_wconf 90' lang='lat' dir='ltr'><strong>spumam</strong></span> <span class='ocrx_word' id='word_1_141' title='bbox 857 2785 1072 2844; x_wconf 90' lang='lat' dir='ltr'><strong>elisam</strong></span> <span class='ocrx_word' id='word_1_142' title='bbox 1101 2793 1164 2843; x_wconf 90' lang='lat' dir='ltr'><strong>et</strong></span> <span class='ocrx_word' id='word_1_143' title='bbox 1192 2782 1464 2843; x_wconf 91' lang='lat' dir='ltr'><strong>rorantia</strong></span> <span class='ocrx_word' id='word_1_144' title='bbox 1492 2783 1758 2843; x_wconf 90' lang='lat' dir='ltr'><strong>vidimus</strong></span> <span class='ocrx_word' id='word_1_145' title='bbox 1789 2792 1971 2857; x_wconf 89' lang='lat' dir='ltr'><strong>astra,</strong></span> 
     </span>
     <span class='ocr_line' id='line_1_25' title="bbox 430 2882 1781 2959; baseline -0.001 -15"><span class='ocrx_word' id='word_1_146' title='bbox 430 2888 676 2946; x_wconf 91' lang='lat' dir='ltr'><strong>Interea</strong></span> <span class='ocrx_word' id='word_1_147' title='bbox 703 2887 907 2945; x_wconf 83' lang='lat' dir='ltr'><strong>fessos</strong></span> <span class='ocrx_word' id='word_1_148' title='bbox 936 2894 1159 2944; x_wconf 90' lang='lat' dir='ltr'><strong>ventus</strong></span> <span class='ocrx_word' id='word_1_149' title='bbox 1190 2903 1328 2943; x_wconf 90' lang='lat' dir='ltr'><strong>cum</strong></span> <span class='ocrx_word' id='word_1_150' title='bbox 1359 2883 1490 2942; x_wconf 90' lang='lat' dir='ltr'><strong>sole</strong></span> <span class='ocrx_word' id='word_1_151' title='bbox 1519 2882 1781 2959; x_wconf 92' lang='lat' dir='ltr'><strong>reliquit,</strong></span> 
     </span>
     <span class='ocr_line' id='line_1_26' title="bbox 427 2982 1832 3063; baseline 0 -20"><span class='ocrx_word' id='word_1_152' title='bbox 427 2985 744 3063; x_wconf 90' lang='lat' dir='ltr'><strong>ignarique</strong></span> <span class='ocrx_word' id='word_1_153' title='bbox 773 2983 911 3044; x_wconf 91' lang='lat' dir='ltr'><strong>viae</strong></span> <span class='ocrx_word' id='word_1_154' title='bbox 944 2984 1284 3062; x_wconf 90' lang='lat' dir='ltr'><strong>Cyclopum</strong></span> <span class='ocrx_word' id='word_1_155' title='bbox 1315 2982 1660 3041; x_wconf 91' lang='lat' dir='ltr'><strong>adlabimur</strong></span> <span class='ocrx_word' id='word_1_156' title='bbox 1688 2982 1832 3044; x_wconf 82' lang='lat' dir='ltr'><strong>oriS.</strong></span> 
     </span>
    </p>
   </div>
   <div class='ocr_carea' id='block_1_7' title="bbox 1096 3164 1594 3216">
    <p class='ocr_par' dir='ltr' id='par_1_11' title="bbox 1096 3164 1594 3216">
     <span class='ocr_line' id='line_1_27' title="bbox 1096 3164 1594 3216; baseline 0 -10"><span class='ocrx_word' id='word_1_157' title='bbox 1096 3164 1323 3216; x_wconf 67' lang='lat' dir='ltr'><strong>Lmdinss</strong></span> <span class='ocrx_word' id='word_1_158' title='bbox 1349 3164 1401 3205; x_wconf 81' lang='lat' dir='ltr'><strong>in</strong></span> <span class='ocrx_word' id='word_1_159' title='bbox 1429 3164 1594 3215; x_wconf 72' lang='lat' dir='ltr'><strong>Sicily.</strong></span> 
     </span>
    </p>
   </div>
   <div class='ocr_carea' id='block_1_8' title="bbox 425 3282 2144 3862">
    <p class='ocr_par' dir='ltr' id='par_1_12' title="bbox 425 3282 2144 3862">
     <span class='ocr_line' id='line_1_28' title="bbox 511 3282 2144 3362; baseline 0.001 -20"><span class='ocrx_word' id='word_1_160' title='bbox 511 3287 730 3344; x_wconf 90' lang='lat' dir='ltr'><strong>Portus</strong></span> <span class='ocrx_word' id='word_1_161' title='bbox 762 3284 841 3343; x_wconf 88' lang='lat' dir='ltr'><strong>ab</strong></span> <span class='ocrx_word' id='word_1_162' title='bbox 873 3301 1129 3343; x_wconf 90' lang='lat' dir='ltr'><strong>accessu</strong></span> <span class='ocrx_word' id='word_1_163' title='bbox 1159 3293 1482 3342; x_wconf 91' lang='lat' dir='ltr'><strong>ventorum</strong></span> <span class='ocrx_word' id='word_1_164' title='bbox 1514 3282 1800 3343; x_wconf 90' lang='lat' dir='ltr'><strong>immotus</strong></span> <span class='ocrx_word' id='word_1_165' title='bbox 1831 3293 1893 3343; x_wconf 89' lang='lat' dir='ltr'><strong>et</strong></span> <span class='ocrx_word' id='word_1_166' title='bbox 1922 3285 2144 3362; x_wconf 89' lang='lat' dir='ltr'><strong>ingens</strong></span> 
     </span>
     <span class='ocr_line' id='line_1_29' title="bbox 426 3382 1972 3462; baseline 0 -20"><span class='ocrx_word' id='word_1_167' title='bbox 426 3385 593 3462; x_wconf 91' lang='lat' dir='ltr'><strong>ipse;</strong></span> <span class='ocrx_word' id='word_1_168' title='bbox 641 3385 751 3444; x_wconf 91' lang='lat' dir='ltr'><strong>sed</strong></span> <span class='ocrx_word' id='word_1_169' title='bbox 783 3382 1080 3442; x_wconf 86' lang='lat' dir='ltr'><strong>horrificis</strong></span> <span class='ocrx_word' id='word_1_170' title='bbox 1109 3382 1277 3442; x_wconf 88' lang='lat' dir='ltr'><strong>iuxta</strong></span> <span class='ocrx_word' id='word_1_171' title='bbox 1306 3391 1483 3441; x_wconf 92' lang='lat' dir='ltr'><strong>tonat</strong></span> <span class='ocrx_word' id='word_1_172' title='bbox 1514 3385 1720 3444; x_wconf 87' lang='lat' dir='ltr'><strong>Aetna</strong></span> <span class='ocrx_word' id='word_1_173' title='bbox 1748 3382 1972 3455; x_wconf 75' lang='lat' dir='ltr'><strong>ruinis:</strong></span> 
     </span>
     <span class='ocr_line' id='line_1_30' title="bbox 426 3482 2120 3561; baseline -0.001 -18"><span class='ocrx_word' id='word_1_174' title='bbox 426 3484 857 3560; x_wconf 89' lang='lat' dir='ltr'><strong>interdumque</strong></span> <span class='ocrx_word' id='word_1_175' title='bbox 887 3492 1082 3543; x_wconf 89' lang='lat' dir='ltr'><strong>atram</strong></span> <span class='ocrx_word' id='word_1_176' title='bbox 1111 3482 1453 3561; x_wconf 91' lang='lat' dir='ltr'><strong>prorumpit</strong></span> <span class='ocrx_word' id='word_1_177' title='bbox 1482 3482 1563 3542; x_wconf 92' lang='lat' dir='ltr'><strong>ad</strong></span> <span class='ocrx_word' id='word_1_178' title='bbox 1593 3482 1844 3542; x_wconf 88' lang='lat' dir='ltr'><strong>aethera</strong></span> <span class='ocrx_word' id='word_1_179' title='bbox 1875 3483 2120 3557; x_wconf 90' lang='lat' dir='ltr'><strong>nubem,</strong></span> 
     </span>
     <span class='ocr_line' id='line_1_31' title="bbox 425 3583 1932 3661; baseline -0.003 -15"><span class='ocrx_word' id='word_1_180' title='bbox 425 3586 668 3646; x_wconf 91' lang='lat' dir='ltr'><strong>turbine</strong></span> <span class='ocrx_word' id='word_1_181' title='bbox 696 3586 1038 3645; x_wconf 84' lang='lat' dir='ltr'><strong>fumantem</strong></span> <span class='ocrx_word' id='word_1_182' title='bbox 1068 3583 1245 3661; x_wconf 88' lang='lat' dir='ltr'><strong>piceo</strong></span> <span class='ocrx_word' id='word_1_183' title='bbox 1274 3593 1338 3643; x_wconf 90' lang='lat' dir='ltr'><strong>et</strong></span> <span class='ocrx_word' id='word_1_184' title='bbox 1368 3583 1678 3644; x_wconf 89' lang='lat' dir='ltr'><strong>candente</strong></span> <span class='ocrx_word' id='word_1_185' title='bbox 1706 3583 1932 3657; x_wconf 83' lang='lat' dir='ltr'><strong>favilla,</strong></span> 
     </span>
     <span class='ocr_line' id='line_1_32' title="bbox 426 3682 2034 3763; baseline -0.001 -20"><span class='ocrx_word' id='word_1_186' title='bbox 426 3685 767 3763; x_wconf 90' lang='lat' dir='ltr'><strong>attollitque</strong></span> <span class='ocrx_word' id='word_1_187' title='bbox 796 3684 1018 3763; x_wconf 90' lang='lat' dir='ltr'><strong>globos</strong></span> <span class='ocrx_word' id='word_1_188' title='bbox 1048 3684 1431 3743; x_wconf 88' lang='lat' dir='ltr'><strong>flammarum</strong></span> <span class='ocrx_word' id='word_1_189' title='bbox 1461 3692 1523 3742; x_wconf 86' lang='lat' dir='ltr'><strong>et</strong></span> <span class='ocrx_word' id='word_1_190' title='bbox 1554 3682 1757 3741; x_wconf 90' lang='lat' dir='ltr'><strong>sidera</strong></span> <span class='ocrx_word' id='word_1_191' title='bbox 1785 3682 2034 3756; x_wconf 73' lang='lat' dir='ltr'><strong>lambit:</strong></span> 
     </span>
     <span class='ocr_line' id='line_1_33' title="bbox 426 3780 1935 3862; baseline 0.001 -21"><span class='ocrx_word' id='word_1_192' title='bbox 426 3783 732 3845; x_wconf 90' lang='lat' dir='ltr'><strong>interdum</strong></span> <span class='ocrx_word' id='word_1_193' title='bbox 762 3784 1050 3862; x_wconf 90' lang='lat' dir='ltr'><strong>scopulos</strong></span> <span class='ocrx_word' id='word_1_194' title='bbox 1080 3781 1414 3860; x_wconf 86' lang='lat' dir='ltr'><strong>avolsaque</strong></span> <span class='ocrx_word' id='word_1_195' title='bbox 1443 3780 1680 3841; x_wconf 88' lang='lat' dir='ltr'><strong>viscera</strong></span> <span class='ocrx_word' id='word_1_196' title='bbox 1708 3782 1935 3842; x_wconf 89' lang='lat' dir='ltr'><strong>montis</strong></span> 
     </span>
    </p>
   </div>
   <div class='ocr_carea' id='block_1_9' title="bbox 2426 899 2523 951">
    <p class='ocr_par' dir='ltr' id='par_1_13' title="bbox 2426 899 2523 951">
     <span class='ocr_line' id='line_1_34' title="bbox 2426 899 2523 951; baseline 0 0"><span class='ocrx_word' id='word_1_197' title='bbox 2426 899 2523 951; x_wconf 80' lang='lat'><strong>550</strong></span> 
     </span>
    </p>
   </div>
   <div class='ocr_carea' id='block_1_10' title="bbox 2428 1597 2522 1652">
    <p class='ocr_par' dir='ltr' id='par_1_14' title="bbox 2428 1597 2522 1652">
     <span class='ocr_line' id='line_1_35' title="bbox 2428 1597 2522 1652; baseline 0 0"><span class='ocrx_word' id='word_1_198' title='bbox 2428 1597 2522 1652; x_wconf 85' lang='grc'><strong>555</strong></span> 
     </span>
    </p>
   </div>
   <div class='ocr_carea' id='block_1_11' title="bbox 2429 2585 2524 2653">
    <p class='ocr_par' dir='ltr' id='par_1_15' title="bbox 2429 2585 2524 2653">
     <span class='ocr_line' id='line_1_36' title="bbox 2429 2585 2524 2653; baseline -0.021 0"><span class='ocrx_word' id='word_1_199' title='bbox 2429 2585 2524 2653; x_wconf 76' lang='grc'><strong>565</strong></span> 
     </span>
    </p>
   </div>
   <div class='ocr_carea' id='block_1_12' title="bbox 2427 3298 2521 3353">
    <p class='ocr_par' dir='ltr' id='par_1_16' title="bbox 2427 3298 2521 3353">
     <span class='ocr_line' id='line_1_37' title="bbox 2427 3298 2521 3353; baseline -0.043 0"><span class='ocrx_word' id='word_1_200' title='bbox 2427 3298 2521 3353; x_wconf 80' lang='grc'><strong>570</strong></span> 
     </span>
    </p>
   </div>
   <div class='ocr_carea' id='block_1_13' title="bbox 2425 3797 2520 3853">
    <p class='ocr_par' dir='ltr' id='par_1_17' title="bbox 2425 3797 2520 3853">
     <span class='ocr_line' id='line_1_38' title="bbox 2425 3797 2520 3853; baseline -0.011 -1"><span class='ocrx_word' id='word_1_201' title='bbox 2425 3797 2520 3853; x_wconf 88' lang='grc'><strong>575</strong></span> 
     </span>
    </p>
   </div>
  </div>
 </body>
</html>
