2796 4287
437 312 522 379 54
1245 297 1379 362 The
1423 298 1701 363 AEneid.
2230 307 2421 373 [Boon
2444 307 2520 357 11.

432 487 718 562 concidit,
753 508 826 548 ac
855 489 1048 549 multo
1076 489 1266 549 vitam
1295 508 1433 549 cum
1465 489 1764 568 sanguine
1792 489 1972 551 fudit.

434 587 561 645 Hic
591 587 889 662 Priamus,
923 607 1295 666 quamquam
1326 588 1390 648 in
1420 589 1625 647 media
1654 588 1777 648 iam
1805 599 2002 650 morte
2030 600 2289 663 tenetur,

430 705 558 746 non
587 696 796 746 tamen
825 687 1140 761 abstinuit,
1173 707 1290 747 nec
1319 688 1460 747 voci
1487 688 1738 767 iraeque
1767 689 2079 768 pepercit:

434 789 546 846 ‘At
576 786 687 847 tibi
717 806 830 865 pro
860 788 1130 861 scelere,'
1163 788 1483 862 exclamat,
1519 794 1660 866 ‘pro
1689 789 1918 850 talibus
1948 790 2134 863 ausiS,
2424 802 2517 855 535

430 886 511 960 di,
545 887 597 946 si
624 907 746 964 qua
774 897 871 947 est
898 887 1074 948 caelo
1104 887 1322 965 pietas,
1357 907 1517 965 quae
1549 889 1696 948 talia
1727 899 1912 963 curet,

428 987 784 1063 persolvant
811 996 1021 1065 grates
1048 987 1270 1065 dignas
1300 997 1364 1047 et
1392 988 1667 1065 praemia
1695 990 1959 1049 reddant

429 1085 657 1160 debita,
692 1086 798 1164 qui
828 1086 961 1146 nati
989 1106 1197 1148 coram
1226 1107 1324 1147 me
1354 1103 1604 1148 cernere
1636 1089 1824 1148 letum

428 1185 633 1246 fecisti
661 1197 723 1246 et
753 1188 987 1264 patrios
1015 1188 1286 1247 foedasti
1314 1189 1531 1248 funere
1561 1191 1782 1250 voltus.

431 1287 515 1345 At
543 1305 669 1344 non
700 1286 819 1361 ille,
852 1298 1056 1348 satum
1086 1307 1208 1366 quo
1239 1298 1300 1349 te
1331 1289 1625 1362 mentiris,
1660 1289 1935 1352 Achilles
2423 1302 2520 1356 540

429 1385 572 1445 talis
601 1385 664 1446 in
693 1386 873 1453 hoste
901 1388 1020 1448 fuit
1051 1389 1328 1462 Priam03
1374 1390 1488 1448 sed
1517 1389 1648 1447 iura
1676 1389 1985 1468 fidemque

430 1486 726 1563 supplicis
755 1489 1015 1562 erubuit,
1050 1508 1396 1566 corpusque
1428 1508 1739 1567 exsangue
1768 1490 2095 1566 sepulchro

428 1585 698 1645 reddidit
730 1588 1129 1662 Hectoreum,
1163 1607 1384 1665 meque
1417 1588 1476 1647 in
1510 1606 1649 1647 mea
1678 1607 1866 1666 regna
1894 1588 2167 1648 remisit)
2257 1662 2261 1665 ῃ

1208 2267 1418 2310 Munnmt
1443 2280 1503 2310 or·
1527 2268 1700 2310 Pruna.

513 2400 615 2460 Sic
643 2401 810 2462 fatus
841 2402 1064 2476 senior,
1098 2402 1413 2479 telumque
1450 2401 1694 2462 imbelle
1726 2403 1860 2463 sine
1890 2404 2017 2463 ictu

428 2500 708 2574 coniecit,
741 2520 927 2562 rauco
960 2501 1125 2579 quod
1158 2501 1440 2578 protinus
1471 2520 1612 2561 aere
1643 2503 1990 2578 repulsum,
2422 2517 2515 2571 545

428 2617 463 2658 e
494 2617 732 2661 summo
762 2601 946 2679 clipei
976 2601 1354 2679 nequiquam
1383 2601 1652 2661 umbone
1681 2603 1995 2680 pependit.

430 2698 548 2759 Cui
578 2700 881 2778 Pyrrhus:
930 2702 1222 2761 ‘Referes
1254 2719 1400 2779 ergo
1430 2700 1587 2760 haec
1617 2708 1681 2762 et
1710 2701 1964 2761 nuntius
1994 2702 2115 2762 ibis

430 2798 681 2860 Pelidae
709 2800 1008 2878 genitori;
1056 2801 1144 2860 illi
1174 2819 1312 2861 mea
1342 2800 1544 2860 tristia
1572 2801 1740 2860 facta

427 2900 918 2978 degeneremque
951 2902 1433 2980 Neoptolemum
1466 2920 1713 2963 narrare
1743 2913 2069 2965 memento.

429 3001 611 3058 Nunc
640 3002 914 3061 morere!
989 3002 1134 3060 Hoc
1164 3001 1381 3061 dicens
1413 3001 1629 3061 altaria
1660 3002 1741 3061 ad
1770 3002 1907 3081 ipsa
1936 3013 2295 3065 trementem
2420 3018 2515 3073 550

425 3099 609 3158 traxit
636 3108 700 3159 et
728 3099 791 3159 in
821 3102 1015 3160 multo
1045 3101 1389 3179 lapsantem
1420 3100 1718 3179 sanguine
1748 3102 1897 3175 nati,

427 3198 844 3278 implicuitque
875 3219 1114 3260 comam
1144 3201 1337 3274 laeva,
1371 3200 1707 3277 dextraque
1736 3220 2058 3262 coruscum

426 3299 658 3372 extulit,
692 3319 765 3360 ac
793 3300 971 3361 lateri
1001 3299 1222 3378 capulo
1252 3309 1435 3359 tenus
1467 3299 1707 3360 abdidit
1736 3319 1966 3362 ensem.

430 3400 608 3458 Haec
637 3400 779 3460 finis
811 3400 1034 3460 Priami
1065 3401 1366 3473 fatorum3
1414 3400 1516 3460 hic
1546 3399 1745 3460 exitus
1776 3400 1945 3461 illum

426 3508 591 3558 sorte
621 3500 777 3573 tulit,
812 3500 1061 3561 Troiam
1092 3500 1410 3560 incensam
1441 3509 1504 3560 et
1532 3500 1822 3579 prolapsa
1853 3502 2163 3563 videntem
2419 3516 2512 3570 555

428 3600 744 3678 Pergama,
777 3609 870 3660 tot
899 3599 1211 3677 quondam
1242 3600 1490 3678 populis
1520 3599 1819 3678 terrisque
1850 3602 2182 3679 superbum

427 3710 813 3778 regnatorem
845 3699 1051 3760 Asiae.
1144 3702 1316 3760 Iacet
1346 3700 1568 3778 ingens
1599 3699 1776 3761 litore
1808 3711 2077 3775 truncus,

427 3799 828 3876 avolsumque
865 3797 1091 3858 umeris
1122 3808 1324 3877 caput,
1357 3809 1421 3858 et
1449 3799 1583 3859 sine
1615 3799 1864 3859 nomine
1894 3819 2135 3878 corpus.
