2796 4287
1124 117 1137 142 1

330 281 603 348 7²7-790·]
656 270 928 334 AEneas
962 268 1033 332 in
1064 268 1292 352 Sicily.
1387 269 1521 334 The
1542 269 1840 333 Funeral
1863 270 2123 334 Games.

329 462 491 521 Tum
521 461 733 521 vicina
763 459 964 534 astris,
1001 461 1263 541 Erycino
1296 461 1358 520 in
1389 461 1617 522 vertice
1649 461 1832 521 sedes

324 561 627 621 fundatur
657 560 890 620 Veneri
923 561 1176 633 Idaliae,
1208 561 1569 638 tumuloque
1601 561 1895 621 sacerdos

326 679 399 720 ac
429 661 612 720 lucus
644 660 770 720 late
801 679 977 721 sacer
1006 661 1252 721 additur
1282 660 1616 721 Anchiseo.

410 763 678 838 Iamque
711 760 847 820 dies
877 760 1125 838 epulata
1156 780 1380 821 novem
1409 779 1565 838 gens
1596 761 1815 833 omnis,
1850 770 1913 821 et
1943 759 2066 819 aris

322 861 531 920 factus
566 860 809 919 honos:
854 860 1083 937 placidi
1114 869 1463 920 straverunt
1494 880 1764 939 aequora
1794 860 1982 932 venti,

324 962 545 1020 creber
576 970 640 1020 et
671 960 996 1038 adspirans
1026 980 1234 1021 rursus
1264 971 1447 1021 vocat
1477 964 1704 1021 Auster
1735 962 1796 1021 in
1830 962 2034 1020 altum.

326 1061 617 1120 Exoritur
647 1079 950 1138 procurva
978 1060 1198 1139 ingens
1230 1081 1339 1139 per
1369 1061 1547 1121 litora
1578 1061 1758 1122 fietus
1783 1085 1797 1134 3

324 1160 635 1238 complexi
666 1160 826 1220 inter
855 1180 921 1221 se
952 1170 1321 1238 noctemque
1352 1162 1641 1239 diemque
1673 1171 2001 1222 morantur.

327 1264 514 1338 Ipsae
546 1260 671 1319 iam
702 1271 944 1334 matreS,
979 1260 1116 1337 ipsi,
1151 1260 1377 1339 quibus
1409 1280 1627 1338 aspera
1657 1261 1969 1338 quondam

323 1360 460 1420 visa
487 1360 680 1420 maris
709 1359 903 1420 facies
935 1371 995 1420 et
1025 1381 1150 1420 non
1181 1360 1501 1421 tolerabile
1535 1381 1778 1432 nomen,

326 1459 410 1520 ire
441 1461 681 1534 volunt,
715 1479 1085 1537 omnemque
1116 1462 1300 1539 fugae
1331 1462 1601 1539 perferre
1633 1462 1923 1521 laborem.

326 1562 504 1635 Quos
535 1561 741 1621 bonus
772 1563 1022 1621 Aeneas
1051 1561 1233 1621 dictis
1264 1561 1494 1621 solatur
1524 1562 1754 1633 amiciS‚

324 1671 385 1721 et
413 1660 889 1738 consanguineo
919 1660 1247 1720 lacrimans
1277 1662 1668 1721 commendat
1699 1664 1983 1721 Acestae.

321 1761 465 1820 Tris
499 1760 683 1839 Eryci
714 1760 940 1838 vitulos
971 1771 1033 1820 et
1063 1761 1562 1839 Tempestatibus
1594 1780 1814 1838 agnam

320 1861 587 1922 caedere
619 1860 847 1921 deinde
879 1860 1065 1934 iubet,
1099 1861 1377 1939 solvique
1409 1881 1485 1921 ex
1515 1861 1731 1921 ordine
1762 1863 1991 1919 funem.

322 1964 488 2039 Ipse,
523 1970 716 2038 caput
745 1971 961 2020 tonsae
990 1962 1155 2020 foliis
1186 1961 1467 2022 evinctus
1497 1962 1713 2033 olivae,

320 2073 496 2122 stans
526 2061 746 2139 procul
776 2060 840 2119 in
868 2081 1050 2139 prora
1079 2072 1355 2138 pateram
1385 2072 1571 2134 tenet,
1605 2072 1869 2138 extaque
1901 2060 2101 2119 salsos

316 2161 578 2240 porricit
608 2161 668 2220 in
701 2159 928 2221 fluctus
957 2181 1030 2221 ac
1059 2162 1203 2222 vina
1233 2162 1531 2240 liquentia
1557 2163 1777 2222 fundit.

317 2261 729 2339 Prosequitur
759 2280 1016 2339 surgens
1049 2282 1085 2320 a
1113 2262 1306 2339 puppi
1336 2272 1556 2322 ventus
1588 2273 1820 2321 eunteS.

315 2361 625 2423 Certatim
657 2360 811 2420 socii
840 2362 1066 2421 feriunt
1096 2381 1261 2421 mare
1293 2372 1354 2421 et
1383 2380 1654 2439 aequora
1682 2371 1946 2421 verrunt.

819 2542 1001 2594 Appeal
1030 2544 1081 2584 of
1108 2543 1275 2584 Venus
1302 2548 1354 2584 to
1382 2544 1627 2595 Neptune.

302 2668 313 2680 ⁶
396 2666 487 2723 At
517 2663 740 2721 Venus
770 2660 1005 2721 interea
1036 2663 1394 2738 Neptunum
1427 2662 1694 2720 exercita
1724 2661 1885 2720 curis

312 2761 692 2840 adloquitur,
725 2760 1005 2838 talesque
1037 2760 1303 2821 effundit
1329 2771 1581 2838 pectore
1614 2772 1902 2838 questus:

310 2862 325 2887 ‘
350 2861 618 2922 Iunonis
648 2861 854 2939 gravis
885 2860 974 2919 ira
1003 2880 1119 2920 nec
1151 2861 1561 2920 exsaturabile
1591 2871 1808 2937 pectus

309 2972 554 3048 cogunt
577 2980 697 3034 me,
734 2963 1043 3038 Neptune,
1078 2979 1293 3038 preces
1323 2961 1705 3021 descendere
1735 2961 1798 3019 in
1830 2979 2045 3020 omnes
2071 2984 2086 3032 ;

310 3082 501 3140 quam
535 3081 656 3121 nec
686 3062 876 3138 longa
903 3059 1054 3133 dies,
1089 3060 1291 3138 pietas
1321 3079 1437 3120 nec
1469 3060 1703 3138 mitigat
1733 3061 1871 3133 ulla,

310 3183 429 3225 nec
461 3162 637 3222 Iovis
668 3160 927 3238 imperio
956 3161 1225 3239 fatisque
1258 3160 1520 3220 infracta
1550 3160 1829 3238 quiescit.

309 3266 452 3323 Non
490 3261 701 3322 media
733 3262 812 3320 de
841 3271 1026 3339 gente
1059 3261 1368 3339 Phrygum
1400 3260 1682 3320 exedisse
1715 3260 2004 3319 nefandis

308 3366 528 3424 urbem
559 3361 726 3422 odiis
757 3360 907 3420 satis
937 3371 1047 3433 est,
1084 3379 1197 3420 nec
1226 3379 1493 3436 poenam
1524 3370 1693 3419 traxe
1724 3379 1833 3437 per
1863 3377 2109 3418 omnem
2135 3380 2148 3416 ε

305 3463 605 3541 reliquias
637 3459 883 3533 Troiae,
919 3460 1158 3520 cineres
1192 3470 1375 3537 atque
1409 3478 1551 3518 ossa
1581 3468 1934 3536 peremptae

306 3563 697 3641 insequitur:
745 3579 965 3619 causas
995 3559 1150 3619 tanti
1183 3560 1336 3618 sciat
1366 3558 1470 3616 illa
1504 3558 1744 3618 furoris.

306 3667 454 3743 Ipse
484 3662 639 3722 mihi
672 3678 874 3736 nuper
905 3658 1154 3737 Libycis
1184 3667 1251 3717 tu
1279 3657 1458 3717 testis
1490 3658 1552 3715 in
1585 3658 1769 3716 undis

304 3784 491 3843 quam
522 3762 760 3822 molem
792 3758 998 3819 subito
1029 3757 1279 3816 excierit
1305 3781 1316 3815 :
1364 3756 1555 3815 maria
1585 3757 1792 3816 omnia
1821 3756 1993 3815 caelo

2307 289 2430 352 147

2331 1075 2428 1141 765

2328 1587 2425 1636 770

2325 2087 2421 2140 775

2320 2776 2418 2836 780

2318 3274 2413 3339 78⁵

2317 3781 2415 3832 790
