2796 4287
415 275 536 320 112
1224 256 1355 320 Tlce
1401 257 1679 323 AEneid.

406 449 712 526 pubentes
742 448 971 510 herbae
1001 447 1160 527 nigri
1190 467 1330 508 cum
1359 448 1521 509 lacte
1550 448 1773 516 veneni
1799 473 1815 525 ς

407 546 719 625 quaeritur
748 556 810 607 et
838 546 1156 607 nascentis
1186 547 1330 624 equi
1360 548 1441 607 de
1469 548 1675 609 fronte
1703 549 1980 611 revolsus

405 656 470 707 et
497 646 676 706 matri
705 657 1067 725 praereptus
1097 666 1285 708 amor.

408 751 557 826 Ipsa
585 748 750 808 mola
780 748 1189 825 manibusque
1218 747 1589 826 pii-saltaria
1618 750 1806 825 iuxta,

405 867 594 908 unum
625 858 809 909 exuta
837 849 1058 927 pedem
1088 849 1326 923 vinclis,
1358 849 1423 909 in
1453 860 1626 910 veste
1655 850 1944 926 recincta,

405 958 668 1009 testatur
695 949 989 1009 moritura
1018 950 1170 1009 deos
1199 958 1263 1009 et
1292 935 1546 1010 conscia
1574 951 1691 1010 fati

406 1049 643 1123 sidera;
691 1059 837 1123 tum,
871 1048 924 1110 si
955 1050 1124 1127 quod
1155 1069 1280 1110 non
1312 1069 1515 1127 aequo
1543 1051 1794 1112 foedere
1825 1062 2103 1114 amantes

406 1168 587 1209 curae
618 1168 846 1208 numen
875 1149 1064 1209 habet
1095 1150 1446 1227 iustumque
1477 1169 1849 1229 memorque,
1880 1162 2178 1231 precatur.

845 1332 1015 1373 Dido'o
1042 1332 1333 1385 Deopaidng
1359 1332 1654 1384 Complaint.

489 1453 630 1510 Nox
658 1459 806 1524 erat,
839 1459 903 1509 et
930 1449 1242 1527 placidum
1273 1453 1614 1528 carpebant
1641 1453 1810 1513 fessa
1841 1472 2126 1530 soporem

405 1568 661 1628 corpora
689 1569 801 1627 per
828 1559 1040 1623 terraS,
1074 1550 1389 1628 silvaeque
1420 1560 1484 1610 et
1514 1570 1700 1611 saeva
1730 1552 2011 1630 quierant

405 1668 709 1727 aequora:
755 1668 895 1709 cum
923 1649 1131 1709 medio
1159 1650 1489 1710 volvuntur
1520 1651 1723 1712 sidera
1752 1651 1946 1729 lapsu,

405 1769 544 1809 cum
575 1759 742 1809 tacet
770 1748 972 1810 omnis
1002 1769 1165 1828 ager,
1196 1751 1471 1828 pecudes
1502 1751 1829 1829 pictaeque
1859 1753 2155 1826 volucre3‚

405 1868 686 1927 quaeque
717 1849 888 1909 lacus
918 1849 1042 1909 late
1073 1849 1360 1927 liquidoS‚
1395 1870 1678 1928 quaeque
1710 1870 1929 1929 aspera
1958 1852 2159 1911 dumis

403 1970 542 2009 rura
570 1959 804 2023 tenent,
838 1969 1058 2010 somno
1087 1950 1328 2028 positae
1358 1952 1477 2011 sub
1506 1961 1690 2012 nocte
1721 1951 1926 2012 silenti

404 2049 717 2133 [lenibant
745 2069 940 2124 curaS,
975 2059 1037 2109 et
1066 2051 1254 2110 corda
1282 2050 1478 2110 oblita
1507 2051 1839 2132 laborum}

402 2155 489 2211 At
516 2170 644 2210 non
675 2150 889 2209 infelix
918 2151 1107 2211 animi
1140 2152 1499 2225 Phoenissa,
1534 2171 1651 2212 nec
1680 2150 1972 2229 umquam

403 2250 659 2311 solvitur
686 2249 752 2309 in
782 2269 1052 2324 somnos,
1085 2251 1360 2311 oculisve
1391 2261 1497 2312 aut
1527 2262 1777 2330 pectore
1808 2263 2056 2313 noctem

402 2349 659 2428 accipit:
705 2349 1088 2428 ingeminant
1116 2370 1318 2424 curae,
1349 2370 1683 2428 rursusque
1711 2371 2038 2430 resurgens

403 2449 600 2510 saevit
629 2470 817 2524 amor,
848 2470 1198 2530 magnoque
1229 2451 1454 2511 irarum
1484 2452 1743 2512 fluctuat
1772 2461 1965 2513 aestu.

405 2549 506 2609 Sic
536 2551 694 2610 adeo
724 2550 970 2625 insistit,
1005 2570 1339 2629 secumque
1371 2550 1460 2611 ita
1487 2553 1674 2612 corde
1704 2551 1978 2625 volutat:

485 2648 628 2724 Ἔτι,
662 2650 813 2728 quid
843 2655 996 2730 ago?
1086 2654 1409 2712 Rursusne
1439 2671 1663 2730 procos
1693 2651 1884 2712 inrisa
1911 2652 2146 2731 priores

402 2749 693 2827 experiar,
729 2752 1202 2829 Nomadumque
1232 2762 1439 2830 petam
1469 2752 1740 2812 conubia
1767 2752 2043 2830 supplex,

404 2869 560 2928 quos
590 2868 707 2927 ego
736 2849 850 2910 sim
881 2850 1108 2910 totiens
1138 2850 1260 2910 iam
1291 2850 1629 2930 dedignata
1660 2851 1946 2913 maritos?

405 2949 631 3009 Iliacas
662 2948 845 3027 igitur
873 2950 1108 3010 classes
1138 2960 1323 3028 atque
1354 2950 1572 3011 ultima
1600 2953 1910 3012 Teucrum

403 3048 573 3109 iussa
601 3051 859 3127 sequar?
948 3049 1193 3125 Quiane
1221 3050 1449 3111 auxilio
1480 3050 1822 3115 iuvatante
1850 3051 2105 3126 levatOS,

403 3158 467 3209 et
493 3149 653 3209 bene
684 3150 851 3228 apud
881 3168 1184 3210 memores
1213 3150 1438 3212 veteris
1468 3161 1593 3212 stat
1621 3151 1820 3230 gratia
1846 3151 2038 3213 facti?

403 3248 560 3324 Quis
590 3268 688 3309 me
719 3259 941 3323 autem,
974 3251 1076 3310 fac
1106 3250 1281 3325 velle,
1317 3251 1497 3325 sinet,
1524 3251 1837 3311 ratibusve
1866 3250 2149 3329 superbis

403 3348 661 3409 invisam
692 3349 1001 3427 accipiet?
1092 3350 1314 3411 Nescis
1346 3351 1484 3425 heu,
1519 3351 1779 3428 perdita,
1815 3351 2082 3412 necdum

403 3450 904 3510 Laomedonteae
934 3450 1130 3510 sentis
1159 3450 1424 3528 periuria
1453 3451 1693 3529 gentis?

403 3548 574 3623 Quid
602 3558 750 3624 tum,
784 3550 919 3610 sola
947 3550 1095 3628 fuga
1126 3560 1348 3610 nautas
1379 3551 1721 3612 comitabor
1750 3560 2030 3625 ovantes,

402 3667 482 3706 an
511 3648 715 3728 Tyriis
745 3648 1035 3725 omnique
1066 3669 1253 3708 manu
1284 3650 1513 3727 stipata
1544 3670 1817 3712 meorum

401 3746 644 3820 inferar,
678 3756 758 3821 et,
792 3766 948 3824 quos
983 3747 1236 3806 Sidonia
1265 3747 1366 3806 vix
1408 3749 1556 3809 urbe
1587 3750 1813 3823 revelli,

2184 269 2374 337 [Boon
2404 272 2506 324 1v.

2405 582 2508 640 5¹5

2405 1085 2505 1139 520

2404 1786 2503 1840 525

2403 2284 2502 2338 530

2404 2782 2500 2837 53⁵

2406 3278 2504 3335 540

2406 3778 2504 3834 5⁴5
