2796 4287
331 334 602 402 ⁶54-713·]
927 324 988 386 T
977 325 1058 387 lte
1103 325 1431 410 Lauding·
1473 326 1546 390 in
1591 326 1848 410 Africa.

333 515 478 575 falle
509 515 672 590 dolo,
707 524 774 576 et
806 524 993 577 notos
1020 516 1195 594 pueri
1225 536 1380 595 puer
1409 517 1598 578 indue
1627 517 1850 593 voltus,

334 625 420 688 ut,
453 634 594 675 cum
625 624 695 681 te,
716 610 958 693 gremio
987 616 1253 694 accipiet
1282 616 1624 677 laetissima
1654 617 1821 678 Dido

332 715 559 794 regalis
589 714 751 775 inter
780 734 1031 776 mensas
1061 715 1434 795 laticemque
1464 718 1758 797 Lyaeum,

333 835 476 874 cum
507 815 681 876 dabit
712 816 1032 893 amplexus
1062 827 1249 894 atque
1281 817 1497 881 oscula
1525 818 1732 878 dulcia
1768 819 1933 896 figet,

333 916 648 975 occultum
678 915 946 994 inspires
975 916 1181 995 ignem
1210 917 1517 994 fallasque
1546 918 1829 978 veneno!

814 1097 972 1150 cupid
997 1099 1049 1140 in
1075 1099 1161 1141 the
1188 1099 1335 1141 Form
1361 1099 1415 1141 of
1439 1099 1699 1141 Ascanium

422 1218 605 1276 Paret
636 1219 827 1277 Amor
856 1216 1039 1277 dictis
1070 1236 1248 1277 carae
1270 1210 1628 1294 genetriciS,
1662 1228 1725 1277 et
1752 1218 1885 1278 alas
1915 1226 1930 1235 '

332 1315 525 1389 exuit,
559 1324 622 1375 et
648 1335 866 1393 gressu
893 1317 1174 1395 gaudens
1203 1316 1439 1401 incedit
1470 1317 1666 1427 Iuli]

333 1417 423 1474 At
453 1416 674 1475 Venus
705 1415 978 1476 Ascanio
1009 1416 1318 1493 placidam
1349 1426 1461 1494 per
1488 1418 1763 1477 membra
1795 1418 2063 1495 quietem
2091 1440 2130 1471 ε·

332 1494 580 1592 irffigass
614 1523 677 1574 et
703 1515 1164 1593 fotumgremio
1194 1516 1313 1576 dea
1343 1516 1504 1576 tollit
1533 1516 1597 1576 in
1629 1517 1789 1577 altos

334 1613 578 1674 Idaliae
609 1614 801 1688 lucos,
835 1614 941 1676 ubi
970 1606 1172 1677 mollis
1203 1635 1525 1676 amaracus
1544 1617 1726 1711 21¹¹&
1795 1644 1806 1655 ¹

330 1696 595 1785 floribus
624 1706 698 1774 et'
716 1714 882 1787 dulci
913 1714 1241 1793 adspirans
1272 1692 1704 1794 complectitur
1731 1719 1963 1780 umbra.

1035 1897 1140 1938 ‘nie
1167 1898 1408 1950 Banquet.

420 2017 681 2091 Iamque
710 2013 842 2074 ibat
871 2014 1041 2075 dicto
1070 2033 1297 2092 parens
1329 2025 1392 2075 et
1417 2016 1588 2076 dona
1620 2016 1865 2094 Cupido

328 2113 506 2194 regia
535 2114 822 2191 portabat
853 2114 1075 2195 Tyriis,
1108 2115 1266 2175 duce
1299 2100 1789 2218 laetus'Achate.

331 2217 497 2276 Cum
528 2213 714 2287 venit,
748 2214 980 2275 aulaeis
1011 2214 1134 2274 iam
1164 2234 1233 2275 se
1263 2216 1476 2293 regina
1504 2216 1786 2293 superbis

330 2332 524 2374 aurea
556 2314 909 2396 composuit
936 2315 1182 2398 sponda
1212 2314 1605 2393 mediamque
1635 2317 1879 2392 locavit.

330 2417 473 2474 Iam
504 2423 682 2490 pater
712 2415 962 2474 Aeneas
993 2424 1055 2474 et
1086 2414 1206 2473 iam
1236 2415 1509 2474 Troiana
1541 2416 1827 2477 iuventus

328 2512 1086 2608 convenjugtugtratoque
1117 2532 1302 2591 super
1332 2513 1742 2575 discumbitur
1769 2529 1957 2578 ostro.

332 2617 511 2674 Dant
538 2612 755 2671 famuli
784 2613 1071 2672 manibus
1102 2613 1401 2692 lymphas»,
1439 2616 1849 2694 Cereremque
1881 2618 2166 2679 canistris

328 2712 691 2791 expediunt,
724 2711 1047 2788 tonsisque
1075 2712 1283 2771 ferunt
1314 2714 1608 2774 mantelia
1636 2709 1814 2775 villis,

329 2779 807 2890 Quinffln‘aginta
836 2812 1004 2871 intus
1033 2812 1319 2886 famulae,
1354 2813 1581 2889 quibus
1610 2815 1826 2875 ordine
1859 2817 2104 2895 longam

327 2932 480 2972 cura
507 2930 739 2990 penum
769 2920 1021 2985 struere,
1054 2921 1119 2972 et
1147 2912 1411 2972 flammis
1444 2914 1691 2973 adolere
1723 2915 2008 2989 Penatis;

327 3023 581 3073 centum
612 3011 769 3072 aliae
799 3011 1183 3090 totidemque
1215 3031 1396 3089 pares
1429 3022 1630 3074 aetate
1660 3014 1940 3087 ministri,

328 3112 439 3191 qui
468 3110 736 3200 dapibus
768 3130 1017 3171 mensas
1048 3121 1308 3171 onerent
1337 3121 1400 3171 et
1428 3112 1653 3190 pocula
1682 3124 1937 3191 ponant.

328 3215 390 3272 N
393 3231 467 3272 ec
497 3195 624 3271 non
655 3221 718 3271 et
747 3211 920 3290 Tyrii
950 3230 1060 3288 per
1089 3211 1494 3282 limina-laeta
1524 3214 1880 3290 frequentes

326 3331 694 3386 convenere,
730 3311 884 3371 toris
914 3310 1067 3371 iussi
1097 3311 1486 3372 discumbere
1518 3312 1716 3390 pictis,

330 3413 641 3473 Mirantur
671 3413 841 3473 dona
872 3413 1143 3485 Aeneae,
1177 3411 1475 3472 mirantur
1507 3414 1708 3472 Iulum

324 3513 365 3573 fl
517 3513 767 3591 ntisque
800 3510 905 3571 dei
934 3510 1140 3570 voltus
1170 3510 1579 3589 simulataque
1609 3514 1797 3572 verba
1961 3587 1968 3590 .

326 3532 716 3695 [fflaihque
747 3620 813 3672 et
841 3609 1077 3688 pictum
1107 3629 1326 3671 croceo
1356 3612 1632 3671 velamen
1669 3611 2004 3690 acantho]„

228 3689 236 3698 ’
325 3713 664 3854 Praefiipue
695 3709 936 3783 infelix,
970 3710 1132 3787 pesti
1160 3706 1385 3771 devota
1415 3712 1675 3792 futurae,
1957 3705 2020 3768 Nl

321 3775 548 3893 expleri
581 3823 866 3874 mentem
897 3809 1110 3886 nequit
1140 3803 1531 3888 ardescitque
1562 3811 1796 3872 tuendo

2352 344 2426 408 31

2331 2019 2429 2084 ⁶95

2331 2533 2429 2581 700

2332 3029 2428 3083 705

2332 3527 2428 3577 710
