<?xml version="1.0" encoding="UTF-8"?>
<!DOCTYPE html PUBLIC "-//W3C//DTD XHTML 1.0 Transitional//EN"
    "http://www.w3.org/TR/xhtml1/DTD/xhtml1-transitional.dtd">
<html xmlns="http://www.w3.org/1999/xhtml" xml:lang="en" lang="en">
 <head>
  <title>
</title>
<meta http-equiv="Content-Type" content="text/html;charset=utf-8" />
  <meta name='ocr-system' content='tesseract 3.04.00' />
  <meta name='ocr-capabilities' content='ocr_page ocr_carea ocr_par ocr_line ocrx_word'/>
</head>
<body>
  <div class='ocr_page' id='page_1' title='image "./greaterpoemsvir01kittgoog_0249.png"; bbox 0 0 2796 4287; ppageno 0'>
   <div class='ocr_carea' id='block_1_1' title="bbox 264 268 2356 347">
    <p class='ocr_par' dir='ltr' id='par_1_1' title="bbox 264 268 2356 347">
     <span class='ocr_line' id='line_1_1' title="bbox 264 268 2356 347; baseline -0.001 -17"><span class='ocrx_word' id='word_1_1' title='bbox 264 281 465 347; x_wconf 84' lang='lat'><strong>31-76.]</strong></span> <span class='ocrx_word' id='word_1_2' title='bbox 977 269 1037 329; x_wconf 87' lang='lat' dir='ltr'><em>T</em></span> <span class='ocrx_word' id='word_1_3' title='bbox 1028 268 1109 330; x_wconf 83' lang='lat' dir='ltr'><strong>lte</strong></span> <span class='ocrx_word' id='word_1_4' title='bbox 1167 269 1391 331; x_wconf 88' lang='lat' dir='ltr'><strong>World</strong></span> <span class='ocrx_word' id='word_1_5' title='bbox 1431 269 1673 331; x_wconf 84' lang='lat' dir='ltr'><strong>Below.</strong></span> <span class='ocrx_word' id='word_1_6' title='bbox 2240 284 2262 328; x_wconf 92' lang='lat'>1</span> <span class='ocrx_word' id='word_1_7' title='bbox 2280 281 2356 346; x_wconf 83' lang='lat'><strong>55</strong></span> 
     </span>
    </p>
   </div>
   <div class='ocr_carea' id='block_1_2' title="bbox 261 459 2386 3731">
    <p class='ocr_par' dir='ltr' id='par_1_2' title="bbox 262 459 1822 537">
     <span class='ocr_line' id='line_1_2' title="bbox 262 459 1822 537; baseline -0.001 -18"><span class='ocrx_word' id='word_1_8' title='bbox 262 462 423 521; x_wconf 88' lang='lat' dir='ltr'><strong>unde</strong></span> <span class='ocrx_word' id='word_1_9' title='bbox 454 470 657 520; x_wconf 91' lang='lat' dir='ltr'><strong>ruunt</strong></span> <span class='ocrx_word' id='word_1_10' title='bbox 685 459 941 521; x_wconf 90' lang='lat' dir='ltr'><strong>totidem</strong></span> <span class='ocrx_word' id='word_1_11' title='bbox 971 478 1174 531; x_wconf 83' lang='lat' dir='ltr'><strong>voceS,</strong></span> <span class='ocrx_word' id='word_1_12' title='bbox 1208 478 1506 536; x_wconf 89' lang='lat' dir='ltr'><strong>responsa</strong></span> <span class='ocrx_word' id='word_1_13' title='bbox 1539 459 1822 537; x_wconf 82' lang='lat' dir='ltr'>Sibyllae.</span> 
     </span>
    </p>

    <p class='ocr_par' dir='ltr' id='par_1_3' title="bbox 262 557 2364 639">
     <span class='ocr_line' id='line_1_3' title="bbox 262 557 2364 639; baseline -0.002 -21"><span class='ocrx_word' id='word_1_14' title='bbox 262 562 534 621; x_wconf 89' lang='lat' dir='ltr'>Ventum</span> <span class='ocrx_word' id='word_1_15' title='bbox 569 569 708 620; x_wconf 89' lang='lat' dir='ltr'><strong>erat</strong></span> <span class='ocrx_word' id='word_1_16' title='bbox 741 559 819 618; x_wconf 90' lang='lat' dir='ltr'><strong>ad</strong></span> <span class='ocrx_word' id='word_1_17' title='bbox 848 558 1051 630; x_wconf 89' lang='lat' dir='ltr'><strong>limen,</strong></span> <span class='ocrx_word' id='word_1_18' title='bbox 1085 576 1223 618; x_wconf 91' lang='lat' dir='ltr'><strong>cum</strong></span> <span class='ocrx_word' id='word_1_19' title='bbox 1253 557 1441 634; x_wconf 85' lang='lat' dir='ltr'><strong>virgo,</strong></span> <span class='ocrx_word' id='word_1_20' title='bbox 1475 560 1716 617; x_wconf 80' lang='lat' dir='ltr'><em>Poscere</em></span> <span class='ocrx_word' id='word_1_21' title='bbox 1734 559 1885 633; x_wconf 86' lang='lat' dir='ltr'><strong>sata</strong></span> <span class='ocrx_word' id='word_1_22' title='bbox 2300 585 2364 639; x_wconf 80' lang='lat'><strong>45</strong></span> 
     </span>
    </p>

    <p class='ocr_par' dir='ltr' id='par_1_4' title="bbox 261 656 1776 735">
     <span class='ocr_line' id='line_1_4' title="bbox 261 656 1776 735; baseline -0.003 -16"><span class='ocrx_word' id='word_1_23' title='bbox 261 670 482 735; x_wconf 83' lang='lat' dir='ltr'><strong>tempus</strong></span> <span class='ocrx_word' id='word_1_24' title='bbox 513 659 642 732; x_wconf 92' lang='lat' dir='ltr'><strong>ait;</strong></span> <span class='ocrx_word' id='word_1_25' title='bbox 691 660 846 731; x_wconf 80' lang='lat' dir='ltr'><strong>deus,</strong></span> <span class='ocrx_word' id='word_1_26' title='bbox 877 677 998 730; x_wconf 82' lang='lat' dir='ltr'><strong>ecce,</strong></span> <span class='ocrx_word' id='word_1_27' title='bbox 1033 659 1216 716; x_wconf 82' lang='lat' dir='ltr'><strong>deus!</strong></span> <span class='ocrx_word' id='word_1_28' title='bbox 1297 656 1414 716; x_wconf 91' lang='lat' dir='ltr'><strong>Cui</strong></span> <span class='ocrx_word' id='word_1_29' title='bbox 1446 657 1592 716; x_wconf 91' lang='lat' dir='ltr'><strong>talia</strong></span> <span class='ocrx_word' id='word_1_30' title='bbox 1619 657 1776 715; x_wconf 83' lang='lat' dir='ltr'><strong>fanti</strong></span> 
     </span>
    </p>

    <p class='ocr_par' dir='ltr' id='par_1_5' title="bbox 262 757 1823 830">
     <span class='ocr_line' id='line_1_5' title="bbox 262 757 1823 830; baseline -0.001 -12"><span class='ocrx_word' id='word_1_31' title='bbox 262 770 403 820; x_wconf 91' lang='lat' dir='ltr'><strong>ante</strong></span> <span class='ocrx_word' id='word_1_32' title='bbox 433 761 618 819; x_wconf 79' lang='lat' dir='ltr'><strong>fores</strong></span> <span class='ocrx_word' id='word_1_33' title='bbox 651 758 856 818; x_wconf 91' lang='lat' dir='ltr'><strong>subito</strong></span> <span class='ocrx_word' id='word_1_34' title='bbox 886 777 1012 817; x_wconf 92' lang='lat' dir='ltr'><strong>non</strong></span> <span class='ocrx_word' id='word_1_35' title='bbox 1044 757 1263 830; x_wconf 90' lang='lat' dir='ltr'><strong>voltus,</strong></span> <span class='ocrx_word' id='word_1_36' title='bbox 1299 776 1423 816; x_wconf 91' lang='lat' dir='ltr'><strong>non</strong></span> <span class='ocrx_word' id='word_1_37' title='bbox 1456 757 1620 816; x_wconf 92' lang='lat' dir='ltr'><strong>color</strong></span> <span class='ocrx_word' id='word_1_38' title='bbox 1650 777 1823 828; x_wconf 79' lang='lat' dir='ltr'><strong>unuS,</strong></span> 
     </span>
    </p>

    <p class='ocr_par' dir='ltr' id='par_1_6' title="bbox 262 857 2053 936">
     <span class='ocr_line' id='line_1_6' title="bbox 262 857 2053 936; baseline -0.002 -18"><span class='ocrx_word' id='word_1_39' title='bbox 262 881 383 920; x_wconf 91' lang='lat' dir='ltr'><strong>non</strong></span> <span class='ocrx_word' id='word_1_40' title='bbox 414 868 716 936; x_wconf 88' lang='lat' dir='ltr'><strong>comptae</strong></span> <span class='ocrx_word' id='word_1_41' title='bbox 747 877 1026 917; x_wconf 87' lang='lat' dir='ltr'><strong>mansere</strong></span> <span class='ocrx_word' id='word_1_42' title='bbox 1058 876 1271 916; x_wconf 89' lang='lat' dir='ltr'><strong>comae</strong></span> <span class='ocrx_word' id='word_1_43' title='bbox 1296 882 1309 930; x_wconf 91' lang='lat'>;</span> <span class='ocrx_word' id='word_1_44' title='bbox 1356 857 1467 917; x_wconf 91' lang='lat' dir='ltr'><strong>sed</strong></span> <span class='ocrx_word' id='word_1_45' title='bbox 1499 868 1715 933; x_wconf 89' lang='lat' dir='ltr'><strong>pectus</strong></span> <span class='ocrx_word' id='word_1_46' title='bbox 1746 858 2053 930; x_wconf 88' lang='lat' dir='ltr'><strong>anhelum,</strong></span> 
     </span>
    </p>

    <p class='ocr_par' dir='ltr' id='par_1_7' title="bbox 262 957 1824 1033">
     <span class='ocr_line' id='line_1_7' title="bbox 262 957 1824 1033; baseline -0.003 -14"><span class='ocrx_word' id='word_1_47' title='bbox 262 969 322 1019; x_wconf 91' lang='lat' dir='ltr'><strong>et</strong></span> <span class='ocrx_word' id='word_1_48' title='bbox 350 960 529 1020; x_wconf 86' lang='lat' dir='ltr'><strong>rabie</strong></span> <span class='ocrx_word' id='word_1_49' title='bbox 562 960 700 1020; x_wconf 84' lang='lat' dir='ltr'><strong>fera</strong></span> <span class='ocrx_word' id='word_1_50' title='bbox 732 959 920 1018; x_wconf 89' lang='lat' dir='ltr'><strong>corda</strong></span> <span class='ocrx_word' id='word_1_51' title='bbox 947 967 1217 1030; x_wconf 89' lang='lat' dir='ltr'><strong>tument;</strong></span> <span class='ocrx_word' id='word_1_52' title='bbox 1266 957 1582 1033; x_wconf 89' lang='lat' dir='ltr'><strong>maiorque</strong></span> <span class='ocrx_word' id='word_1_53' title='bbox 1614 958 1824 1028; x_wconf 91' lang='lat' dir='ltr'><strong>videri,</strong></span> 
     </span>
    </p>

    <p class='ocr_par' dir='ltr' id='par_1_8' title="bbox 263 1058 2368 1139">
     <span class='ocr_line' id='line_1_8' title="bbox 263 1058 2368 1139; baseline -0.001 -21"><span class='ocrx_word' id='word_1_54' title='bbox 263 1080 376 1120; x_wconf 91' lang='lat' dir='ltr'><strong>nec</strong></span> <span class='ocrx_word' id='word_1_55' title='bbox 406 1059 681 1119; x_wconf 86' lang='lat' dir='ltr'><strong>mortale</strong></span> <span class='ocrx_word' id='word_1_56' title='bbox 714 1077 962 1131; x_wconf 66' lang='lat' dir='ltr'><strong>sonam,</strong></span> <span class='ocrx_word' id='word_1_57' title='bbox 997 1058 1227 1118; x_wconf 90' lang='lat' dir='ltr'><strong>adflata</strong></span> <span class='ocrx_word' id='word_1_58' title='bbox 1255 1067 1351 1118; x_wconf 84' lang='lat' dir='ltr'><strong>est</strong></span> <span class='ocrx_word' id='word_1_59' title='bbox 1380 1058 1632 1118; x_wconf 89' lang='lat' dir='ltr'><strong>numine</strong></span> <span class='ocrx_word' id='word_1_60' title='bbox 1666 1059 1914 1134; x_wconf 89' lang='lat' dir='ltr'><strong>quando</strong></span> <span class='ocrx_word' id='word_1_61' title='bbox 2310 1087 2368 1139; x_wconf 83' lang='lat'><strong>50</strong></span> 
     </span>
    </p>

    <p class='ocr_par' dir='ltr' id='par_1_9' title="bbox 264 1155 1869 1237">
     <span class='ocr_line' id='line_1_9' title="bbox 264 1155 1869 1237; baseline -0.001 -19"><span class='ocrx_word' id='word_1_62' title='bbox 264 1160 382 1220; x_wconf 90' lang='lat' dir='ltr'><strong>iam</strong></span> <span class='ocrx_word' id='word_1_63' title='bbox 413 1159 713 1237; x_wconf 91' lang='lat' dir='ltr'><strong>propiore</strong></span> <span class='ocrx_word' id='word_1_64' title='bbox 745 1157 863 1217; x_wconf 85' lang='lat' dir='ltr'><strong>dei.</strong></span> <span class='ocrx_word' id='word_1_65' title='bbox 953 1155 968 1180; x_wconf 75' lang='grc'><em>“</em></span> <span class='ocrx_word' id='word_1_66' title='bbox 987 1158 1215 1217; x_wconf 87' lang='lat' dir='ltr'><strong>Cessas</strong></span> <span class='ocrx_word' id='word_1_67' title='bbox 1245 1158 1307 1216; x_wconf 93' lang='lat' dir='ltr'><strong>in</strong></span> <span class='ocrx_word' id='word_1_68' title='bbox 1340 1168 1484 1217; x_wconf 87' lang='lat' dir='ltr'><strong>vota</strong></span> <span class='ocrx_word' id='word_1_69' title='bbox 1514 1177 1869 1233; x_wconf 88' lang='lat' dir='ltr'><strong>precesque,</strong></span> 
     </span>
    </p>

    <p class='ocr_par' dir='ltr' id='par_1_10' title="bbox 265 1256 2286 1333">
     <span class='ocr_line' id='line_1_10' title="bbox 265 1256 2286 1333; baseline -0.001 -15"><span class='ocrx_word' id='word_1_70' title='bbox 265 1261 422 1318; x_wconf 91' lang='lat' dir='ltr'><strong>Tros</strong></span> <span class='ocrx_word' id='word_1_71' title='bbox 456 1261 470 1287; x_wconf 90' lang='lat'>&#39;</span> <span class='ocrx_word' id='word_1_72' title='bbox 507 1259 601 1318; x_wconf 90' lang='lat' dir='ltr'><strong>ait</strong></span> <span class='ocrx_word' id='word_1_73' title='bbox 634 1256 921 1317; x_wconf 73' lang='lat' dir='ltr'><strong>‘Aenea?</strong></span> <span class='ocrx_word' id='word_1_74' title='bbox 997 1258 1268 1317; x_wconf 89' lang='lat' dir='ltr'><strong>Cessas?</strong></span> <span class='ocrx_word' id='word_1_75' title='bbox 1345 1258 1565 1333; x_wconf 90' lang='lat' dir='ltr'><strong>Neque</strong></span> <span class='ocrx_word' id='word_1_76' title='bbox 1597 1256 1759 1315; x_wconf 86' lang='lat' dir='ltr'><strong>enim</strong></span> <span class='ocrx_word' id='word_1_77' title='bbox 1792 1267 1933 1316; x_wconf 89' lang='lat' dir='ltr'><strong>ante</strong></span> <span class='ocrx_word' id='word_1_78' title='bbox 1965 1257 2286 1316; x_wconf 90' lang='lat' dir='ltr'><strong>dehiscent</strong></span> 
     </span>
    </p>

    <p class='ocr_par' dir='ltr' id='par_1_11' title="bbox 266 1356 1765 1434">
     <span class='ocr_line' id='line_1_11' title="bbox 266 1356 1765 1434; baseline -0.003 -17"><span class='ocrx_word' id='word_1_79' title='bbox 266 1360 573 1420; x_wconf 89' lang='lat' dir='ltr'><strong>attonitae</strong></span> <span class='ocrx_word' id='word_1_80' title='bbox 606 1377 833 1434; x_wconf 88' lang='lat' dir='ltr'><strong>magna</strong></span> <span class='ocrx_word' id='word_1_81' title='bbox 862 1376 968 1416; x_wconf 92' lang='lat' dir='ltr'><strong>ora</strong></span> <span class='ocrx_word' id='word_1_82' title='bbox 998 1356 1256 1416; x_wconf 89' lang='lat' dir='ltr'><strong>domus.’</strong></span> <span class='ocrx_word' id='word_1_83' title='bbox 1348 1358 1426 1415; x_wconf 90' lang='lat' dir='ltr'><strong>Et</strong></span> <span class='ocrx_word' id='word_1_84' title='bbox 1458 1356 1606 1414; x_wconf 90' lang='lat' dir='ltr'><strong>talia</strong></span> <span class='ocrx_word' id='word_1_85' title='bbox 1635 1356 1765 1415; x_wconf 80' lang='lat' dir='ltr'><strong>fata</strong></span> 
     </span>
    </p>

    <p class='ocr_par' dir='ltr' id='par_1_12' title="bbox 268 1455 1848 1534">
     <span class='ocr_line' id='line_1_12' title="bbox 268 1455 1848 1534; baseline -0.003 -16"><span class='ocrx_word' id='word_1_86' title='bbox 268 1458 589 1534; x_wconf 86' lang='lat' dir='ltr'><strong>conticuit.</strong></span> <span class='ocrx_word' id='word_1_87' title='bbox 684 1456 945 1534; x_wconf 75' lang='lat' dir='ltr'><strong>Gelidus</strong></span> <span class='ocrx_word' id='word_1_88' title='bbox 976 1455 1233 1515; x_wconf 89' lang='lat' dir='ltr'><strong>Teucris</strong></span> <span class='ocrx_word' id='word_1_89' title='bbox 1263 1475 1372 1532; x_wconf 92' lang='lat' dir='ltr'><strong>per</strong></span> <span class='ocrx_word' id='word_1_90' title='bbox 1403 1456 1554 1514; x_wconf 92' lang='lat' dir='ltr'><strong>dura</strong></span> <span class='ocrx_word' id='word_1_91' title='bbox 1584 1456 1848 1515; x_wconf 89' lang='lat' dir='ltr'><strong>cucurrit</strong></span> 
     </span>
    </p>

    <p class='ocr_par' dir='ltr' id='par_1_13' title="bbox 269 1556 2370 1732">
     <span class='ocr_line' id='line_1_13' title="bbox 269 1556 2370 1634; baseline -0.001 -17"><span class='ocrx_word' id='word_1_92' title='bbox 269 1577 410 1617; x_wconf 90' lang='lat' dir='ltr'><strong>ossa</strong></span> <span class='ocrx_word' id='word_1_93' title='bbox 438 1568 694 1629; x_wconf 90' lang='lat' dir='ltr'><strong>tremor,</strong></span> <span class='ocrx_word' id='word_1_94' title='bbox 727 1556 1054 1631; x_wconf 83' lang='lat' dir='ltr'><strong>funditque</strong></span> <span class='ocrx_word' id='word_1_95' title='bbox 1086 1574 1300 1632; x_wconf 87' lang='lat' dir='ltr'><strong>preces</strong></span> <span class='ocrx_word' id='word_1_96' title='bbox 1331 1574 1438 1613; x_wconf 89' lang='lat' dir='ltr'><strong>rex</strong></span> <span class='ocrx_word' id='word_1_97' title='bbox 1468 1563 1715 1632; x_wconf 87' lang='lat' dir='ltr'><strong>pectore</strong></span> <span class='ocrx_word' id='word_1_98' title='bbox 1748 1556 1824 1613; x_wconf 94' lang='lat' dir='ltr'><strong>ab</strong></span> <span class='ocrx_word' id='word_1_99' title='bbox 1857 1556 2012 1614; x_wconf 92' lang='lat' dir='ltr'><strong>imo:</strong></span> <span class='ocrx_word' id='word_1_100' title='bbox 2311 1583 2337 1634; x_wconf 83' lang='lat'>5</span> <span class='ocrx_word' id='word_1_101' title='bbox 2345 1583 2370 1633; x_wconf 81' lang='lat'>5</span> 
     </span>
     <span class='ocr_line' id='line_1_14' title="bbox 350 1655 2058 1732; baseline -0.002 -15"><span class='ocrx_word' id='word_1_102' title='bbox 350 1656 366 1680; x_wconf 72' lang='lat'>¹</span> <span class='ocrx_word' id='word_1_103' title='bbox 387 1658 670 1728; x_wconf 91' lang='lat' dir='ltr'><strong>Phoebe,</strong></span> <span class='ocrx_word' id='word_1_104' title='bbox 703 1674 921 1732; x_wconf 87' lang='lat' dir='ltr'><strong>graves</strong></span> <span class='ocrx_word' id='word_1_105' title='bbox 952 1655 1173 1714; x_wconf 89' lang='lat' dir='ltr'><strong>Troiae</strong></span> <span class='ocrx_word' id='word_1_106' title='bbox 1205 1674 1449 1731; x_wconf 90' lang='lat' dir='ltr'><strong>semper</strong></span> <span class='ocrx_word' id='word_1_107' title='bbox 1479 1655 1765 1713; x_wconf 88' lang='lat' dir='ltr'><strong>miserate</strong></span> <span class='ocrx_word' id='word_1_108' title='bbox 1799 1655 2058 1728; x_wconf 64' lang='lat' dir='ltr'><strong>labores»,</strong></span> 
     </span>
    </p>

    <p class='ocr_par' dir='ltr' id='par_1_14' title="bbox 274 1754 1764 1832">
     <span class='ocr_line' id='line_1_15' title="bbox 274 1754 1764 1832; baseline -0.001 -17"><span class='ocrx_word' id='word_1_109' title='bbox 274 1758 576 1817; x_wconf 91' lang='lat' dir='ltr'><strong>Dardana</strong></span> <span class='ocrx_word' id='word_1_110' title='bbox 609 1755 716 1832; x_wconf 92' lang='lat' dir='ltr'><strong>qui</strong></span> <span class='ocrx_word' id='word_1_111' title='bbox 749 1754 986 1813; x_wconf 91' lang='lat' dir='ltr'><strong>Paridis</strong></span> <span class='ocrx_word' id='word_1_112' title='bbox 1017 1754 1235 1814; x_wconf 90' lang='lat' dir='ltr'><strong>direxti</strong></span> <span class='ocrx_word' id='word_1_113' title='bbox 1267 1755 1390 1813; x_wconf 90' lang='lat' dir='ltr'><strong>tela</strong></span> <span class='ocrx_word' id='word_1_114' title='bbox 1424 1773 1764 1830; x_wconf 91' lang='lat' dir='ltr'><strong>manusque</strong></span> 
     </span>
    </p>

    <p class='ocr_par' dir='ltr' id='par_1_15' title="bbox 274 1854 1807 1936">
     <span class='ocr_line' id='line_1_16' title="bbox 274 1854 1807 1936; baseline -0.001 -20"><span class='ocrx_word' id='word_1_115' title='bbox 274 1877 502 1936; x_wconf 89' lang='lat' dir='ltr'><strong>corpus</strong></span> <span class='ocrx_word' id='word_1_116' title='bbox 533 1857 603 1916; x_wconf 88' lang='lat' dir='ltr'><strong>in</strong></span> <span class='ocrx_word' id='word_1_117' title='bbox 639 1854 968 1927; x_wconf 89' lang='lat' dir='ltr'><strong>Aeacidae,</strong></span> <span class='ocrx_word' id='word_1_118' title='bbox 1002 1874 1258 1931; x_wconf 87' lang='lat' dir='ltr'><strong>magnas</strong></span> <span class='ocrx_word' id='word_1_119' title='bbox 1290 1855 1585 1913; x_wconf 88' lang='lat' dir='ltr'><strong>obeuntia</strong></span> <span class='ocrx_word' id='word_1_120' title='bbox 1613 1864 1807 1914; x_wconf 89' lang='lat' dir='ltr'><strong>terras</strong></span> 
     </span>
    </p>

    <p class='ocr_par' dir='ltr' id='par_1_16' title="bbox 277 1954 1861 2032">
     <span class='ocr_line' id='line_1_17' title="bbox 277 1954 1861 2032; baseline -0.001 -16"><span class='ocrx_word' id='word_1_121' title='bbox 277 1967 364 2017; x_wconf 92' lang='lat' dir='ltr'><strong>tot</strong></span> <span class='ocrx_word' id='word_1_122' title='bbox 393 1957 596 2016; x_wconf 91' lang='lat' dir='ltr'><strong>maria</strong></span> <span class='ocrx_word' id='word_1_123' title='bbox 630 1954 849 2014; x_wconf 88' lang='lat' dir='ltr'><strong>intravi</strong></span> <span class='ocrx_word' id='word_1_124' title='bbox 880 1955 1035 2014; x_wconf 92' lang='lat' dir='ltr'><strong>duce</strong></span> <span class='ocrx_word' id='word_1_125' title='bbox 1067 1964 1146 2028; x_wconf 92' lang='lat' dir='ltr'><strong>te,</strong></span> <span class='ocrx_word' id='word_1_126' title='bbox 1180 1954 1551 2031; x_wconf 91' lang='lat' dir='ltr'><strong>penitusque</strong></span> <span class='ocrx_word' id='word_1_127' title='bbox 1582 1965 1861 2032; x_wconf 89' lang='lat' dir='ltr'><strong>repostas</strong></span> 
     </span>
    </p>

    <p class='ocr_par' dir='ltr' id='par_1_17' title="bbox 277 2054 2374 2137">
     <span class='ocr_line' id='line_1_18' title="bbox 277 2054 2374 2137; baseline 0.001 -22"><span class='ocrx_word' id='word_1_128' title='bbox 277 2058 631 2137; x_wconf 87' lang='lat' dir='ltr'><strong>Massylum</strong></span> <span class='ocrx_word' id='word_1_129' title='bbox 662 2064 881 2133; x_wconf 90' lang='lat' dir='ltr'><strong>gentes</strong></span> <span class='ocrx_word' id='word_1_130' title='bbox 911 2063 1354 2131; x_wconf 90' lang='lat' dir='ltr'><strong>praetentaque</strong></span> <span class='ocrx_word' id='word_1_131' title='bbox 1388 2054 1666 2132; x_wconf 88' lang='lat' dir='ltr'><strong>Syrtibus</strong></span> <span class='ocrx_word' id='word_1_132' title='bbox 1698 2075 1858 2127; x_wconf 91' lang='lat' dir='ltr'><strong>arva,</strong></span> <span class='ocrx_word' id='word_1_133' title='bbox 2309 2067 2374 2117; x_wconf 92' lang='lat'><strong>60</strong></span> 
     </span>
    </p>

    <p class='ocr_par' dir='ltr' id='par_1_18' title="bbox 275 2155 1859 2232">
     <span class='ocr_line' id='line_1_19' title="bbox 275 2155 1859 2232; baseline 0 -18"><span class='ocrx_word' id='word_1_134' title='bbox 275 2157 391 2216; x_wconf 89' lang='lat' dir='ltr'><strong>iam</strong></span> <span class='ocrx_word' id='word_1_135' title='bbox 421 2158 692 2219; x_wconf 86' lang='lat' dir='ltr'><strong>tandem</strong></span> <span class='ocrx_word' id='word_1_136' title='bbox 727 2156 943 2215; x_wconf 88' lang='lat' dir='ltr'><strong>Italiae</strong></span> <span class='ocrx_word' id='word_1_137' title='bbox 974 2155 1268 2232; x_wconf 84' lang='lat' dir='ltr'><strong>fugientis</strong></span> <span class='ocrx_word' id='word_1_138' title='bbox 1299 2156 1654 2231; x_wconf 89' lang='lat' dir='ltr'><strong>prendimus</strong></span> <span class='ocrx_word' id='word_1_139' title='bbox 1685 2175 1859 2228; x_wconf 89' lang='lat' dir='ltr'><strong>oras;</strong></span> 
     </span>
    </p>

    <p class='ocr_par' dir='ltr' id='par_1_19' title="bbox 275 2255 1689 2317">
     <span class='ocr_line' id='line_1_20' title="bbox 275 2255 1689 2317; baseline -0.001 -2"><span class='ocrx_word' id='word_1_140' title='bbox 275 2258 387 2317; x_wconf 91' lang='lat' dir='ltr'><strong>hac</strong></span> <span class='ocrx_word' id='word_1_141' title='bbox 416 2258 705 2317; x_wconf 86' lang='lat' dir='ltr'><strong>Troiana</strong></span> <span class='ocrx_word' id='word_1_142' title='bbox 735 2266 916 2315; x_wconf 90' lang='lat' dir='ltr'><strong>tenus</strong></span> <span class='ocrx_word' id='word_1_143' title='bbox 944 2255 1128 2315; x_wconf 83' lang='lat' dir='ltr'><strong>fuerit</strong></span> <span class='ocrx_word' id='word_1_144' title='bbox 1161 2257 1433 2314; x_wconf 89' lang='lat' dir='ltr'><strong>Fortuna</strong></span> <span class='ocrx_word' id='word_1_145' title='bbox 1461 2266 1689 2314; x_wconf 88' lang='lat' dir='ltr'><strong>secuta.</strong></span> 
     </span>
    </p>

    <p class='ocr_par' dir='ltr' id='par_1_20' title="bbox 278 2354 2001 2436">
     <span class='ocr_line' id='line_1_21' title="bbox 278 2354 2001 2436; baseline -0.002 -21"><span class='ocrx_word' id='word_1_146' title='bbox 278 2359 402 2418; x_wconf 93' lang='lat' dir='ltr'><strong>Vos</strong></span> <span class='ocrx_word' id='word_1_147' title='bbox 435 2376 696 2436; x_wconf 84' lang='lat' dir='ltr'><strong>quoque</strong></span> <span class='ocrx_word' id='word_1_148' title='bbox 730 2358 1098 2432; x_wconf 85' lang='lat' dir='ltr'><strong>Pergameae</strong></span> <span class='ocrx_word' id='word_1_149' title='bbox 1130 2354 1250 2413; x_wconf 91' lang='lat' dir='ltr'><strong>iam</strong></span> <span class='ocrx_word' id='word_1_150' title='bbox 1279 2356 1376 2413; x_wconf 79' lang='lat' dir='ltr'><strong>fas</strong></span> <span class='ocrx_word' id='word_1_151' title='bbox 1408 2365 1504 2413; x_wconf 90' lang='lat' dir='ltr'><strong>est</strong></span> <span class='ocrx_word' id='word_1_152' title='bbox 1534 2374 1783 2430; x_wconf 87' lang='lat' dir='ltr'><strong>parcere</strong></span> <span class='ocrx_word' id='word_1_153' title='bbox 1814 2355 2001 2431; x_wconf 89' lang='lat' dir='ltr'><strong>genti,</strong></span> 
     </span>
    </p>

    <p class='ocr_par' dir='ltr' id='par_1_21' title="bbox 278 2454 2115 2535">
     <span class='ocr_line' id='line_1_22' title="bbox 278 2454 2115 2535; baseline -0.003 -19"><span class='ocrx_word' id='word_1_154' title='bbox 278 2458 461 2535; x_wconf 89' lang='lat' dir='ltr'><strong>dique</strong></span> <span class='ocrx_word' id='word_1_155' title='bbox 504 2457 786 2532; x_wconf 88' lang='lat' dir='ltr'><strong>deaeque</strong></span> <span class='ocrx_word' id='word_1_156' title='bbox 817 2474 1033 2513; x_wconf 90' lang='lat' dir='ltr'><strong>omnes</strong></span> <span class='ocrx_word' id='word_1_157' title='bbox 1065 2454 1288 2530; x_wconf 93' lang='lat' dir='ltr'><strong>quibus</strong></span> <span class='ocrx_word' id='word_1_158' title='bbox 1318 2454 1558 2513; x_wconf 90' lang='lat' dir='ltr'><strong>obstitit</strong></span> <span class='ocrx_word' id='word_1_159' title='bbox 1591 2454 1771 2512; x_wconf 88' lang='lat' dir='ltr'><strong>Ilium</strong></span> <span class='ocrx_word' id='word_1_160' title='bbox 1803 2463 1864 2513; x_wconf 91' lang='lat' dir='ltr'><strong>et</strong></span> <span class='ocrx_word' id='word_1_161' title='bbox 1895 2454 2115 2530; x_wconf 88' lang='lat' dir='ltr'><strong>ingens</strong></span> 
     </span>
    </p>

    <p class='ocr_par' dir='ltr' id='par_1_22' title="bbox 279 2554 2376 2634">
     <span class='ocr_line' id='line_1_23' title="bbox 279 2554 2376 2634; baseline -0.002 -19"><span class='ocrx_word' id='word_1_162' title='bbox 279 2558 467 2634; x_wconf 88' lang='lat' dir='ltr'><strong>gloria</strong></span> <span class='ocrx_word' id='word_1_163' title='bbox 513 2554 886 2614; x_wconf 88' lang='lat' dir='ltr'><strong>Dardaniae.</strong></span> <span class='ocrx_word' id='word_1_164' title='bbox 975 2556 1214 2630; x_wconf 90' lang='lat' dir='ltr'><strong>Tuque,</strong></span> <span class='ocrx_word' id='word_1_165' title='bbox 1247 2573 1285 2612; x_wconf 94' lang='lat' dir='ltr'><strong>o</strong></span> <span class='ocrx_word' id='word_1_166' title='bbox 1316 2554 1703 2613; x_wconf 88' lang='lat' dir='ltr'><strong>sanctissima</strong></span> <span class='ocrx_word' id='word_1_167' title='bbox 1735 2563 1922 2626; x_wconf 84' lang='lat' dir='ltr'><strong>vateS,</strong></span> <span class='ocrx_word' id='word_1_168' title='bbox 2314 2568 2376 2631; x_wconf 82' lang='lat'><strong>65</strong></span> 
     </span>
    </p>

    <p class='ocr_par' dir='ltr' id='par_1_23' title="bbox 281 2653 1677 2732">
     <span class='ocr_line' id='line_1_24' title="bbox 281 2653 1677 2732; baseline -0.002 -17"><span class='ocrx_word' id='word_1_169' title='bbox 281 2656 571 2732; x_wconf 87' lang='lat' dir='ltr'><strong>praescia</strong></span> <span class='ocrx_word' id='word_1_170' title='bbox 599 2654 858 2727; x_wconf 91' lang='lat' dir='ltr'><strong>venturi,</strong></span> <span class='ocrx_word' id='word_1_171' title='bbox 892 2655 990 2725; x_wconf 92' lang='lat' dir='ltr'><strong>da,</strong></span> <span class='ocrx_word' id='word_1_172' title='bbox 1024 2673 1150 2712; x_wconf 91' lang='lat' dir='ltr'><strong>non</strong></span> <span class='ocrx_word' id='word_1_173' title='bbox 1181 2653 1459 2712; x_wconf 89' lang='lat' dir='ltr'><strong>indebita</strong></span> <span class='ocrx_word' id='word_1_174' title='bbox 1489 2673 1677 2729; x_wconf 91' lang='lat' dir='ltr'><strong>posco</strong></span> 
     </span>
    </p>

    <p class='ocr_par' dir='ltr' id='par_1_24' title="bbox 281 2753 1734 2835">
     <span class='ocr_line' id='line_1_25' title="bbox 281 2753 1734 2835; baseline -0.001 -22"><span class='ocrx_word' id='word_1_175' title='bbox 281 2775 472 2835; x_wconf 88' lang='lat' dir='ltr'><strong>regna</strong></span> <span class='ocrx_word' id='word_1_176' title='bbox 509 2754 664 2814; x_wconf 90' lang='lat' dir='ltr'><strong>meis</strong></span> <span class='ocrx_word' id='word_1_177' title='bbox 693 2754 857 2825; x_wconf 81' lang='lat' dir='ltr'><strong>fatis,</strong></span> <span class='ocrx_word' id='word_1_178' title='bbox 894 2753 1072 2812; x_wconf 91' lang='lat' dir='ltr'><strong>Latio</strong></span> <span class='ocrx_word' id='word_1_179' title='bbox 1105 2753 1427 2812; x_wconf 88' lang='lat' dir='ltr'><strong>considere</strong></span> <span class='ocrx_word' id='word_1_180' title='bbox 1457 2755 1734 2812; x_wconf 91' lang='lat' dir='ltr'><strong>Teucros</strong></span> 
     </span>
    </p>

    <p class='ocr_par' dir='ltr' id='par_1_25' title="bbox 283 2852 1796 2931">
     <span class='ocr_line' id='line_1_26' title="bbox 283 2852 1796 2931; baseline -0.002 -17"><span class='ocrx_word' id='word_1_181' title='bbox 283 2855 672 2931; x_wconf 87' lang='lat' dir='ltr'><strong>errantisque</strong></span> <span class='ocrx_word' id='word_1_182' title='bbox 705 2854 857 2913; x_wconf 90' lang='lat' dir='ltr'><strong>deos</strong></span> <span class='ocrx_word' id='word_1_183' title='bbox 889 2853 1239 2930; x_wconf 89' lang='lat' dir='ltr'><strong>agitataque</strong></span> <span class='ocrx_word' id='word_1_184' title='bbox 1273 2852 1525 2910; x_wconf 91' lang='lat' dir='ltr'><strong>numina</strong></span> <span class='ocrx_word' id='word_1_185' title='bbox 1556 2853 1796 2913; x_wconf 89' lang='lat' dir='ltr'><strong>Troiae.</strong></span> 
     </span>
    </p>

    <p class='ocr_par' dir='ltr' id='par_1_26' title="bbox 285 2952 2096 3029">
     <span class='ocr_line' id='line_1_27' title="bbox 285 2952 2096 3029; baseline -0.002 -16"><span class='ocrx_word' id='word_1_186' title='bbox 285 2957 437 3016; x_wconf 91' lang='lat' dir='ltr'><strong>Tum</strong></span> <span class='ocrx_word' id='word_1_187' title='bbox 478 2954 737 3014; x_wconf 90' lang='lat' dir='ltr'><strong>Phoebo</strong></span> <span class='ocrx_word' id='word_1_188' title='bbox 768 2962 830 3012; x_wconf 86' lang='lat' dir='ltr'><strong>et</strong></span> <span class='ocrx_word' id='word_1_189' title='bbox 858 2952 1101 3011; x_wconf 87' lang='lat' dir='ltr'><strong>Triviae</strong></span> <span class='ocrx_word' id='word_1_190' title='bbox 1132 2952 1331 3011; x_wconf 91' lang='lat' dir='ltr'><strong>solido</strong></span> <span class='ocrx_word' id='word_1_191' title='bbox 1363 2953 1442 3011; x_wconf 95' lang='lat' dir='ltr'><strong>de</strong></span> <span class='ocrx_word' id='word_1_192' title='bbox 1474 2971 1771 3011; x_wconf 89' lang='lat' dir='ltr'><strong>marmore</strong></span> <span class='ocrx_word' id='word_1_193' title='bbox 1802 2954 2096 3029; x_wconf 88' lang='lat' dir='ltr'><strong>templum</strong></span> 
     </span>
    </p>

    <p class='ocr_par' dir='ltr' id='par_1_27' title="bbox 285 3051 2381 3129">
     <span class='ocr_line' id='line_1_28' title="bbox 285 3051 2381 3129; baseline -0.001 -17"><span class='ocrx_word' id='word_1_194' title='bbox 285 3054 622 3127; x_wconf 86' lang='lat' dir='ltr'><strong>instituam,</strong></span> <span class='ocrx_word' id='word_1_195' title='bbox 655 3054 975 3129; x_wconf 81' lang='lat' dir='ltr'><strong>festosque</strong></span> <span class='ocrx_word' id='word_1_196' title='bbox 1005 3052 1138 3112; x_wconf 90' lang='lat' dir='ltr'><strong>dies</strong></span> <span class='ocrx_word' id='word_1_197' title='bbox 1169 3053 1247 3111; x_wconf 92' lang='lat' dir='ltr'><strong>de</strong></span> <span class='ocrx_word' id='word_1_198' title='bbox 1280 3051 1530 3110; x_wconf 87' lang='lat' dir='ltr'><strong>nomine</strong></span> <span class='ocrx_word' id='word_1_199' title='bbox 1564 3051 1813 3110; x_wconf 88' lang='lat' dir='ltr'><strong>Phoebi.</strong></span> <span class='ocrx_word' id='word_1_200' title='bbox 2318 3080 2381 3128; x_wconf 88' lang='lat'><strong>70</strong></span> 
     </span>
    </p>

    <p class='ocr_par' dir='ltr' id='par_1_28' title="bbox 287 3151 2093 3235">
     <span class='ocr_line' id='line_1_29' title="bbox 287 3151 2093 3235; baseline -0.002 -21"><span class='ocrx_word' id='word_1_201' title='bbox 287 3157 372 3216; x_wconf 90' lang='lat' dir='ltr'><strong>Te</strong></span> <span class='ocrx_word' id='word_1_202' title='bbox 403 3173 660 3235; x_wconf 92' lang='lat' dir='ltr'><strong>quoque</strong></span> <span class='ocrx_word' id='word_1_203' title='bbox 692 3172 917 3229; x_wconf 88' lang='lat' dir='ltr'><strong>magna</strong></span> <span class='ocrx_word' id='word_1_204' title='bbox 946 3161 1198 3211; x_wconf 89' lang='lat' dir='ltr'><strong>manent</strong></span> <span class='ocrx_word' id='word_1_205' title='bbox 1228 3152 1433 3229; x_wconf 87' lang='lat' dir='ltr'><strong>regnis</strong></span> <span class='ocrx_word' id='word_1_206' title='bbox 1462 3151 1801 3228; x_wconf 89' lang='lat' dir='ltr'><strong>penetralia</strong></span> <span class='ocrx_word' id='word_1_207' title='bbox 1831 3151 2093 3212; x_wconf 89' lang='lat' dir='ltr'><strong>nostris:</strong></span> 
     </span>
    </p>

    <p class='ocr_par' dir='ltr' id='par_1_29' title="bbox 288 3251 1785 3335">
     <span class='ocr_line' id='line_1_30' title="bbox 288 3251 1785 3335; baseline -0.005 -20"><span class='ocrx_word' id='word_1_208' title='bbox 288 3256 380 3317; x_wconf 90' lang='lat' dir='ltr'><strong>hic</strong></span> <span class='ocrx_word' id='word_1_209' title='bbox 409 3276 530 3335; x_wconf 89' lang='lat' dir='ltr'><strong>ego</strong></span> <span class='ocrx_word' id='word_1_210' title='bbox 564 3272 835 3330; x_wconf 89' lang='lat' dir='ltr'><strong>namque</strong></span> <span class='ocrx_word' id='word_1_211' title='bbox 866 3262 1003 3312; x_wconf 89' lang='lat' dir='ltr'><strong>tuas</strong></span> <span class='ocrx_word' id='word_1_212' title='bbox 1035 3262 1231 3312; x_wconf 90' lang='lat' dir='ltr'><strong>sortes</strong></span> <span class='ocrx_word' id='word_1_213' title='bbox 1263 3270 1608 3328; x_wconf 91' lang='lat' dir='ltr'><strong>arcanaque</strong></span> <span class='ocrx_word' id='word_1_214' title='bbox 1638 3251 1785 3323; x_wconf 85' lang='lat' dir='ltr'><strong>fata,</strong></span> 
     </span>
    </p>

    <p class='ocr_par' dir='ltr' id='par_1_30' title="bbox 289 3352 1812 3431">
     <span class='ocr_line' id='line_1_31' title="bbox 289 3352 1812 3431; baseline -0.005 -15"><span class='ocrx_word' id='word_1_215' title='bbox 289 3357 449 3419; x_wconf 85' lang='lat' dir='ltr'><strong>dicta</strong></span> <span class='ocrx_word' id='word_1_216' title='bbox 479 3374 661 3416; x_wconf 90' lang='lat' dir='ltr'><strong>meae</strong></span> <span class='ocrx_word' id='word_1_217' title='bbox 689 3352 878 3431; x_wconf 85' lang='lat' dir='ltr'><strong>genti,</strong></span> <span class='ocrx_word' id='word_1_218' title='bbox 911 3371 1154 3429; x_wconf 88' lang='lat' dir='ltr'><strong>ponam,</strong></span> <span class='ocrx_word' id='word_1_219' title='bbox 1189 3352 1506 3428; x_wconf 89' lang='lat' dir='ltr'><strong>lectosque</strong></span> <span class='ocrx_word' id='word_1_220' title='bbox 1538 3352 1812 3424; x_wconf 88' lang='lat' dir='ltr'><strong>sacrabo,</strong></span> 
     </span>
    </p>

    <p class='ocr_par' dir='ltr' id='par_1_31' title="bbox 291 3451 1921 3530">
     <span class='ocr_line' id='line_1_32' title="bbox 291 3451 1921 3530; baseline -0.004 -14"><span class='ocrx_word' id='word_1_221' title='bbox 291 3459 461 3530; x_wconf 87' lang='lat' dir='ltr'><strong>alma,</strong></span> <span class='ocrx_word' id='word_1_222' title='bbox 495 3457 686 3517; x_wconf 89' lang='lat' dir='ltr'><strong>viros.</strong></span> <span class='ocrx_word' id='word_1_223' title='bbox 781 3452 967 3511; x_wconf 90' lang='lat' dir='ltr'><strong>Foliis</strong></span> <span class='ocrx_word' id='word_1_224' title='bbox 997 3461 1236 3511; x_wconf 89' lang='lat' dir='ltr'><strong>tantum</strong></span> <span class='ocrx_word' id='word_1_225' title='bbox 1268 3471 1344 3511; x_wconf 92' lang='lat' dir='ltr'><strong>ne</strong></span> <span class='ocrx_word' id='word_1_226' title='bbox 1375 3451 1648 3510; x_wconf 90' lang='lat' dir='ltr'><strong>carmina</strong></span> <span class='ocrx_word' id='word_1_227' title='bbox 1677 3451 1921 3523; x_wconf 87' lang='lat' dir='ltr'><strong>manda,</strong></span> 
     </span>
    </p>

    <p class='ocr_par' dir='ltr' id='par_1_32' title="bbox 292 3551 2386 3630">
     <span class='ocr_line' id='line_1_33' title="bbox 292 3551 2386 3630; baseline -0.002 -16"><span class='ocrx_word' id='word_1_228' title='bbox 292 3575 362 3616; x_wconf 90' lang='lat' dir='ltr'><strong>ne</strong></span> <span class='ocrx_word' id='word_1_229' title='bbox 394 3557 648 3616; x_wconf 87' lang='lat' dir='ltr'><strong>turbata</strong></span> <span class='ocrx_word' id='word_1_230' title='bbox 678 3552 890 3612; x_wconf 88' lang='lat' dir='ltr'><strong>volent</strong></span> <span class='ocrx_word' id='word_1_231' title='bbox 920 3551 1150 3628; x_wconf 86' lang='lat' dir='ltr'><strong>rapidis</strong></span> <span class='ocrx_word' id='word_1_232' title='bbox 1180 3551 1443 3611; x_wconf 89' lang='lat' dir='ltr'><strong>ludibria</strong></span> <span class='ocrx_word' id='word_1_233' title='bbox 1473 3551 1709 3624; x_wconf 84' lang='lat' dir='ltr'><strong>ventis;</strong></span> <span class='ocrx_word' id='word_1_234' title='bbox 2318 3575 2349 3626; x_wconf 87' lang='lat'>7</span> <span class='ocrx_word' id='word_1_235' title='bbox 2357 3575 2386 3630; x_wconf 80' lang='lat'>5</span> 
     </span>
    </p>

    <p class='ocr_par' dir='ltr' id='par_1_33' title="bbox 291 3649 1814 3731">
     <span class='ocr_line' id='line_1_34' title="bbox 291 3649 1814 3731; baseline 0 -22"><span class='ocrx_word' id='word_1_236' title='bbox 291 3654 418 3731; x_wconf 89' lang='lat' dir='ltr'><strong>ipsa</strong></span> <span class='ocrx_word' id='word_1_237' title='bbox 446 3671 649 3716; x_wconf 83' lang='lat' dir='ltr'><strong>canas</strong></span> <span class='ocrx_word' id='word_1_238' title='bbox 682 3652 828 3710; x_wconf 91' lang='lat' dir='ltr'><strong>or0.&#39;</strong></span> <span class='ocrx_word' id='word_1_239' title='bbox 922 3651 1134 3709; x_wconf 87' lang='lat' dir='ltr'><strong>Finem</strong></span> <span class='ocrx_word' id='word_1_240' title='bbox 1167 3650 1339 3709; x_wconf 90' lang='lat' dir='ltr'><strong>dedit</strong></span> <span class='ocrx_word' id='word_1_241' title='bbox 1368 3669 1474 3710; x_wconf 86' lang='lat' dir='ltr'><strong>ore</strong></span> <span class='ocrx_word' id='word_1_242' title='bbox 1505 3649 1814 3725; x_wconf 83' lang='lat' dir='ltr'><strong>loquendi.</strong></span> 
     </span>
    </p>
   </div>
  </div>
 </body>
</html>
