2796 4287
264 298 428 366 1-30.]
984 285 1164 350 Dido
1209 286 1356 349 and
1393 285 1501 348 AE
1503 304 1677 348 neas.

982 573 1151 617 mum
1179 575 1332 617 Leve.

431 696 493 754 T
526 693 748 774 regina
777 692 951 771 gravi
980 692 1336 752 iamdudum
1368 692 1582 753 saucia
1610 710 1756 752 cura

478 795 710 854 volnus
742 792 857 853 alit
885 792 1075 865 venis,
1108 802 1171 853 et
1200 811 1388 853 caeco
1419 794 1690 870 carpitur
1719 790 1862 870 igni.

258 896 469 954 Multa
498 893 616 954 viri
645 892 848 953 virtus
878 891 1097 965 animo,
1132 892 1486 969 multusque
1515 899 1790 951 recursat

254 995 470 1071 gentis
504 994 752 1066 honos;
797 991 1054 1052 haerent
1085 991 1255 1051 infixi
1284 1000 1535 1069 pectore
1566 990 1770 1052 voltus

255 1097 603 1171 verbaque,
639 1111 760 1152 nec
790 1091 1096 1168 placidam
1129 1090 1421 1151 membris
1452 1092 1559 1151 dat
1590 1110 1738 1151 cura
1767 1090 2055 1169 quietem.

343 1197 620 1254 Postera
650 1192 943 1252 Phoebea
971 1192 1273 1251 lustrabat
1300 1191 1584 1269 lampade
1614 1200 1826 1263 terraS,

258 1304 713 1369 umentemque
744 1295 984 1351 Aurora
1012 1291 1157 1369 polo
1187 1292 1528 1353 dimoverat
1557 1292 1852 1362 umbram,

259 1414 406 1453 cum
437 1394 536 1454 sic
566 1392 922 1451 unanimam
953 1391 1305 1470 adloquitur
1333 1393 1494 1452 male
1525 1411 1679 1452 sana
1708 1410 2017 1452 sororem:

261 1494 487 1553 ‘Anna
518 1511 713 1566 soror,
747 1510 907 1570 quae
937 1511 1035 1553 me
1068 1511 1440 1570 suspensam
1470 1491 1778 1552 insomnia
1806 1496 2070 1551 terrent!

263 1595 427 1669 Quis
460 1613 667 1653 novus
696 1592 798 1653 hic
827 1591 1056 1653 nostris
1087 1592 1388 1653 successit
1419 1592 1674 1653 sedibus
1702 1592 1951 1669 hospeS,

263 1714 455 1771 quem
487 1712 632 1754 sese
663 1712 768 1753 ore
796 1693 1024 1767 ferenS,
1058 1712 1245 1771 quam
1273 1692 1420 1753 forti
1449 1703 1701 1770 pectore
1732 1702 1793 1753 et
1824 1691 2043 1751 armis!

267 1795 479 1854 Credo
510 1792 822 1870 equidem,
856 1811 972 1853 nec
1001 1812 1164 1852 vana
1191 1794 1366 1867 fides,
1397 1812 1597 1871 genus
1626 1811 1766 1854 esse
1795 1793 2050 1852 deorum
2074 1812 2088 1851 t

266 1895 618 1973 degeneres
649 1892 890 1953 animos
920 1893 1102 1953 timor
1130 1893 1347 1972 arguit.
1440 1895 1605 1967 Heu,
1639 1892 1865 1970 quibus
1896 1891 1997 1953 ille

271 1996 537 2054 iactatus
568 1993 752 2052 fatis!
800 1997 959 2070 quae
988 1993 1154 2053 bella
1184 1994 1486 2053 exhausta
1515 1993 1808 2054 canebat!

272 2095 336 2155 Si
367 2094 520 2154 mihi
552 2112 681 2153 non
711 2093 918 2153 animo
945 2094 1131 2154 fixum
1162 2093 1605 2171 immotumque
1635 2093 1896 2167 sederet,

270 2215 349 2255 ne
379 2195 481 2256 cui
513 2213 614 2254 me
643 2193 850 2254 vinclo
880 2194 1099 2254 vellem
1131 2194 1367 2255 sociare
1398 2194 1604 2273 iugali,

269 2305 607 2372 postquam
637 2294 871 2371 primus
902 2313 1073 2353 amor
1102 2294 1430 2372 deceptam
1460 2305 1654 2355 morte
1683 2293 1942 2366 fefellit3

271 2397 325 2455 si
355 2415 481 2455 non
514 2405 871 2472 pertaesum
899 2394 1155 2454 thalami
1186 2395 1532 2473 taedaeque
1561 2394 1802 2466 fuisset,

270 2495 414 2555 huic
445 2494 555 2554 uni
583 2495 798 2554 forsan
829 2493 1005 2571 potui
1036 2495 1439 2554 succumbere
1469 2494 1706 2571 culpae.

276 2599 475 2669 Anna,
507 2595 758 2654 fatebor
788 2593 971 2667 enim,
1006 2592 1215 2654 miseri
1245 2604 1388 2671 post
1417 2593 1842 2674 fata'Sychaei

272 2694 557 2773 coniugis
588 2703 654 2753 et
682 2713 935 2771 sparsos
963 2695 1239 2754 fraterna
1268 2694 1461 2754 caede
1493 2693 1762 2766 Penatis,

275 2796 441 2854 solus
470 2793 577 2853 hic
607 2793 850 2852 inflexit
878 2812 1121 2867 sensus,
1155 2793 1552 2871 animumque
1583 2794 1897 2853 labantem

280 2895 515 2972 impulit
543 2917 557 2953 ε
604 2893 929 2971 adgnosco
956 2893 1184 2954 veteris
1213 2893 1476 2970 vestigia
1505 2892 1803 2952 flammae.

282 2996 396 3054 Sed
426 2994 579 3054 mihi
609 2993 712 3053 vel
742 2992 928 3053 tellus
957 3003 1166 3071 optem
1196 2993 1365 3071 prius
1397 2993 1521 3052 ima
1553 2993 1851 3065 dehiscat,

279 3095 365 3153 vel
397 3099 584 3156 Pater
615 3092 1016 3170 omnipotens
1047 3092 1271 3170 adigat‘
1285 3111 1382 3151 me
1412 3092 1669 3152 fulmine
1702 3093 1781 3152 ad
1812 3091 2079 3163 umbras,

182 3274 187 3279 ,
275 3196 555 3271 pallentis
588 3194 849 3254 umbras
881 3192 1064 3253 Erebi
1094 3202 1464 3270 noctemque
1495 3192 1880 3269 profundam,

273 3307 424 3372 ante,
458 3297 694 3368 Pudor,
732 3310 919 3370 quam
947 3302 1009 3352 te
1037 3291 1217 3365 violo,
1253 3301 1357 3352 aut
1387 3302 1495 3351 tua
1525 3291 1657 3351 iura
1686 3291 1944 3351 resolvo.

270 3399 375 3460 Ille
403 3417 601 3470 meOS,
636 3392 882 3473 primus
911 3392 1015 3468 qui
1044 3412 1142 3452 me
1174 3391 1294 3452 sibi
1324 3391 1541 3465 iunxit,
1576 3411 1814 3451 amores

263 3499 547 3572 abstulit3
600 3495 712 3555 ille
744 3491 977 3551 habeat
1006 3511 1214 3552 secum
1247 3501 1572 3570 servetque
1604 3489 1972 3568 sepulchro.'

260 3600 355 3661 Sic
384 3600 580 3661 effata
613 3593 838 3656 sinum
867 3588 1132 3651 lacrimis
1162 3589 1443 3667 implevit
1471 3589 1722 3651 obortis.

2289 298 2375 364 93

2319 1603 2379 1641 10

2316 2604 2381 2642 20

2318 3102 2381 3155 25
