2796 4287
263 323 528 391 3¹s-375·]
600 312 871 376 AEneas
904 311 975 375 in
1012 310 1244 393 Sicily.
1342 311 1405 374 T
1394 312 1476 373 lze
1507 311 1804 374 Funeral
1835 310 2092 375 Games.

265 504 364 582 qui
393 503 587 564 subiit
618 503 880 581 palmae,
912 504 1263 581 frustraque
1295 503 1375 563 ad
1405 501 1678 580 praemia
1707 501 1874 561 venit

263 602 492 677 ultima,
527 602 583 663 si
613 602 796 699 primi
829 602 996 664 Salio
1027 603 1361 663 reddentur
1388 603 1672 662 honores,

815 784 918 826 The
946 785 1107 826 Prize·
1134 785 1392 826 Awarded.

347 906 507 964 Tum
538 913 716 983 pater
746 907 994 964 Aeneas
1024 902 1039 928 ‘
1060 905 1311 964 Vestra’
1345 903 1545 981 inquit
1574 901 1589 927 ‘
1611 922 1864 964 munera
1893 903 2068 963 vobis

262 1014 432 1065 certa
462 1014 733 1077 manent,
767 1003 957 1081 pueri,
991 1013 1053 1063 et
1082 1003 1350 1081 palmam
1382 1011 1588 1063 movet
1618 1003 1835 1062 ordine
1867 1022 2081 1075 nemo;

263 1123 360 1165 me
390 1105 577 1164 liceat
599 1123 782 1163 casus
814 1102 1089 1163 misereri
1120 1103 1385 1163 insontis
1418 1102 1638 1162 amici.'

267 1205 369 1265 Sic
398 1204 583 1278 fatuS,
617 1214 856 1281 tergum
888 1202 1136 1264 Gaetuli
1169 1202 1437 1263 immane
1469 1203 1666 1262 leonis

264 1306 372 1365 dat
406 1304 588 1378 Salio,
624 1302 787 1364 villis
817 1321 1146 1363 onerosum
1179 1312 1366 1380 atque
1398 1302 1707 1381 unguibus
1739 1303 1956 1362 aureis,

266 1405 395 1464 Hic
427 1406 486 1463 N
492 1404 639 1478 isuS,
675 1402 690 1428 ‘
714 1403 780 1463 Si
810 1413 984 1463 tanta
1004 1404 1018 1430 ⁹
1052 1402 1253 1481 inquit
1285 1401 1460 1464 ‘sunt
1490 1403 1761 1480 praemia
1786 1402 1981 1472 victiS‚

263 1514 327 1566 et
354 1515 416 1564 te
448 1506 762 1581 lapsorum
794 1504 1058 1575 miseret,
1096 1522 1254 1581 quae
1287 1522 1543 1562 munera
1575 1503 1730 1562 Niso

263 1605 455 1683 digna
485 1604 684 1677 dabis,
721 1604 979 1681 primam
1013 1603 1203 1664 merui
1236 1602 1341 1680 qui
1372 1603 1554 1663 laude
1586 1621 1892 1673 coronam,

265 1706 329 1765 ni
360 1725 478 1779 me,
515 1724 675 1782 quae
710 1704 957 1777 Salium,
992 1704 1241 1764 fortuna
1271 1703 1521 1762 inimica
1551 1702 1828 1763 tulisset?
1849 1703 1862 1728 ’

267 1808 344 1866 Et
373 1804 556 1866 simul
586 1804 684 1864 his
716 1804 898 1864 dictis
926 1804 1151 1864 faciem
1181 1804 1537 1865 ostentabat
1567 1813 1628 1863 et
1658 1804 1782 1863 udo

264 1906 470 1984 turpia
500 1905 779 1965 membra
810 1905 971 1964 fimo.
1063 1903 1226 1964 Risit
1257 1912 1432 1980 pater
1462 1903 1729 1980 optimus
1759 1902 1883 1975 olli,

266 2017 327 2067 et
355 2006 626 2084 clipeum
656 2004 860 2065 efferri
891 2003 1084 2077 iussit,
1121 2002 1529 2082 Didymaonis
1559 2012 1768 2074 artem,

269 2105 548 2185 Neptuni
579 2123 755 2165 sacro
790 2104 1026 2164 Danais
1057 2105 1133 2165 de
1165 2113 1343 2181 poste
1373 2104 1646 2163 refixum.

271 2209 416 2267 Hoc
445 2207 734 2267 iuvenem
768 2206 1076 2283 egregium
1110 2204 1446 2282 praestanti
1480 2223 1732 2264 munere
1765 2204 1971 2263 donat.

948 2386 1051 2427 The
1077 2387 1269 2438 Boxing
1297 2386 1482 2427 uatem

355 2513 521 2583 Post,
556 2507 664 2566 ubi
696 2505 962 2566 confecti
993 2523 1226 2577 cursuS,
1263 2516 1323 2564 et
1354 2504 1520 2564 dona
1550 2505 1784 2582 peregit
1802 2530 1821 2564 ·.

270 2608 286 2634 ‘
307 2613 494 2670 Nunc
524 2607 580 2668 si
613 2607 715 2666 cui
745 2606 937 2666 virtus
967 2604 1333 2681 animusque
1365 2605 1428 2663 in
1459 2615 1707 2681 pectore
1738 2623 2043 2681 praesens,

274 2710 450 2783 adsit,
486 2717 550 2768 et
581 2705 844 2767 evinctis
876 2704 1115 2765 attollat
1144 2704 1398 2764 brachia
1430 2704 1690 2781 palmis!

274 2809 375 2869 Sic
407 2809 508 2881 ait,
544 2816 608 2868 et
635 2805 946 2885 geminum
968 2822 1214 2882 pugnae
1246 2803 1536 2881 proponit
1566 2803 1877 2875 honorem,

268 2908 486 2970 victori
516 2907 785 2968 velatum
816 2924 966 2965 auro
996 2903 1286 2982 vittisque
1318 2903 1660 2976 iuvencum,

269 3029 483 3072 ensem
516 3017 702 3083 atque
735 3005 1038 3084 insignem
1068 3005 1308 3082 galeam
1340 3004 1571 3064 solacia
1598 3004 1780 3065 vict0.

271 3113 407 3171 Nec
438 3127 615 3168 mora
645 3129 658 3166 ε
703 3105 996 3166 continuo
1028 3104 1219 3165 vastis
1250 3124 1390 3164 cum
1423 3104 1653 3164 viribus
1683 3104 1862 3164 effert

268 3230 378 3271 ora
409 3212 633 3280 Dare3‚
667 3224 1016 3284 magnoque
1048 3204 1242 3264 virum
1274 3223 1341 3264 se
1373 3223 1678 3263 murmure
1710 3204 1902 3275 tollit;

270 3312 439 3371 solus
472 3308 581 3387 qui
615 3306 900 3367 Paridem
931 3304 1146 3365 solitus
1176 3304 1551 3364 contendere
1583 3314 1811 3375 contra,

269 3412 562 3488 idemque
595 3407 677 3466 ad
707 3405 1024 3479 tumulum,
1058 3423 1181 3481 quo
1210 3404 1513 3463 maximus
1544 3403 1808 3463 occubat
1840 3404 2090 3472 Hector,

269 3513 567 3572 victorem
602 3510 803 3566 Buten
835 3504 1083 3564 immani
1106 3523 1382 3589 corpore,
1420 3503 1524 3581 qui
1556 3522 1622 3563 se

272 3610 575 3690 Bebrycia
604 3604 864 3667 veniens
895 3603 1111 3682 Amyci
1143 3603 1219 3663 de
1249 3613 1434 3680 gente
1463 3603 1721 3676 ferebat,

268 3710 548 3790 perculit,
586 3715 654 3767 et
680 3703 853 3763 fulva
880 3703 1311 3762 moribundum
1343 3703 1619 3763 extendit
1648 3721 1850 3762 arena.

270 3811 440 3871 Talis
470 3808 682 3888 prima
715 3805 913 3863 Dares
944 3812 1128 3880 caput
1157 3803 1345 3863 altum
1376 3803 1440 3862 in
1463 3802 1696 3878 proelia
1725 3800 1898 3872 tollit,

2234 326 2352 391 133

2265 1130 2360 1183 350

2266 1630 2364 1685 355

2274 2816 2368 2883 365

2276 3330 2372 3381 370

2281 3825 2375 3879 375
