2796 4287
421 284 501 364 58
727 248 735 256 ι
1230 282 1365 346 lee
1411 283 1691 347 AEneid.
2199 292 2391 359 [Boox
2429 294 2501 342 11.

418 474 554 531 Iam
583 472 823 549 pridem
851 473 1087 533 invisus
1119 473 1280 533 divis
1311 483 1374 533 et
1405 473 1639 533 inutilis
1670 492 1869 533 annos

416 573 718 646 demoror,
753 592 829 632 ex
859 593 983 650 quo
1013 592 1111 633 me
1141 573 1350 634 divom
1379 585 1558 651 pater
1587 584 1772 651 atque
1802 574 2119 635 hominum
2148 593 2256 633 rex

413 672 688 732 fulminis
721 673 975 732 adflavit
1003 673 1208 734 ventis
1239 684 1301 734 et
1332 673 1593 752 contigit
1622 674 1789 752 igni!

499 773 679 831 Talia
707 774 1028 851 perstabat
1056 793 1424 848 memoranS,
1456 775 1737 851 fixusque
1768 775 2075 834 manebat.

416 875 552 932 Nos
584 883 798 932 contra
826 874 1009 934 effusi
1040 874 1324 949 lacrimis,
1356 875 1751 953 coniunxque
1784 876 2019 936 Creiisa

416 974 850 1051 Ascaniusque
881 974 1206 1051 omnisque
1237 976 1477 1049 domuS,
1511 994 1589 1034 ne
1620 985 1855 1035 vertere
1886 994 2096 1035 secum

416 1084 640 1133 cuncta
669 1083 845 1150 pater
870 1074 1128 1151 fatoque
1160 1076 1447 1152 urguenti
1476 1075 1831 1135 incumbere
1860 1075 2063 1134 vellet.

419 1174 723 1250 Abnegat,
760 1174 1132 1251 inceptoque
1163 1185 1226 1234 et
1257 1176 1512 1235 sedibus
1541 1176 1754 1235 haeret
1785 1176 1847 1233 in
1878 1175 2094 1235 isdem.

419 1275 657 1332 Rursus
689 1273 751 1331 in
783 1293 952 1332 arma
981 1275 1163 1349 feror,
1198 1285 1579 1352 mortemque
1611 1274 1985 1335 miserrimus
2015 1265 2199 1351 opto:

419 1392 562 1431 nam
593 1375 760 1449 quod
791 1374 1118 1434 consilium
1149 1386 1255 1435 aut
1286 1395 1445 1451 quae
1476 1376 1597 1433 iam
1627 1376 1877 1435 fortuna
1908 1375 2208 1433 dabatur?

421 1475 638 1532 ‘Mene
670 1474 887 1533 efferre
919 1476 1160 1552 pedem,
1193 1476 1454 1553 genitor,
1489 1486 1550 1535 te
1580 1494 1765 1552 posse
1795 1475 2010 1534 relicto

419 1573 697 1650 sperasti,
732 1583 1098 1651 tantumque
1130 1577 1310 1634 nefas
1340 1575 1542 1653 patrio
1575 1575 1803 1634 excidit
1833 1578 1974 1634 ore?

422 1673 485 1733 Si
514 1673 668 1732 nihil
700 1694 776 1733 ex
805 1684 980 1733 tanta
1010 1675 1250 1752 superis
1279 1676 1486 1753 placet
1515 1676 1666 1734 urbe
1697 1675 1977 1752 relinqui,

419 1784 481 1833 et
510 1775 686 1833 sedet
714 1774 834 1834 hoc
867 1775 1089 1848 animo,
1123 1774 1555 1853 perituraeque
1588 1776 1816 1834 addere
1847 1774 2070 1833 Troiae

419 1885 604 1951 teque
636 1884 900 1952 tuosque
932 1875 1118 1948 iuvat,
1151 1885 1325 1952 patet
1356 1876 1459 1935 isti
1491 1876 1677 1934 ianua
1707 1876 1848 1949 let0,

419 1974 664 2051 iamque
695 1975 893 2034 aderit
927 1975 1122 2034 multo
1154 1975 1378 2034 Priami
1409 1976 1487 2034 de
1519 1975 1819 2053 sanguine
1852 1975 2136 2054 PyrrhuS,

420 2085 632 2134 natum
663 2084 806 2133 ante
837 2094 945 2133 ora
974 2074 1183 2152 patris,
1217 2084 1455 2152 patrem
1487 2075 1593 2152 qui
1624 2075 1953 2134 obtruncat
1983 2076 2062 2133 ad
2093 2093 2247 2133 aras,

424 2177 567 2234 Hoc
598 2185 745 2248 erat,
780 2176 941 2233 alma
972 2195 1215 2252 parens,
1251 2176 1419 2252 quod
1449 2195 1546 2234 me
1575 2195 1686 2253 per
1715 2176 1855 2248 tela,
1889 2195 1999 2253 per
2027 2174 2187 2252 ignis

420 2276 623 2352 eripis,
658 2285 724 2333 ut
754 2275 974 2334 mediis
1006 2276 1245 2334 hostem
1281 2275 1342 2334 in
1373 2276 1813 2354 penetralibuS,
1846 2285 2037 2351 utque

421 2375 759 2434 Ascanium
791 2385 1151 2452 patremque
1182 2394 1384 2434 meum
1418 2376 1710 2452 iuxtaque
1741 2377 2038 2436 Creusam

421 2476 678 2535 alterum
708 2475 772 2533 in
803 2475 1054 2535 alterius
1087 2485 1391 2535 mactatos
1424 2476 1723 2554 sanguine
1755 2478 2044 2535 cernam?

422 2579 626 2647 Arma,
660 2574 789 2647 viri,
821 2575 978 2634 ferte
1011 2594 1211 2648 arma;
1259 2586 1440 2636 vocat
1471 2577 1573 2634 lux
1602 2576 1816 2635 ultima
1843 2575 2059 2635 victos,

423 2675 692 2734 Reddite
723 2693 820 2735 me
854 2676 1127 2749 Danais;
1173 2676 1356 2735 sinite
1387 2677 1728 2735 instaurata
1758 2675 2020 2735 revisam

417 2775 667 2852 proelia.
759 2777 1119 2850 Numquam·
1141 2795 1357 2834 omnes
1387 2775 1573 2836 hodie
1605 2775 1931 2834 moriemur
1964 2774 2177 2834 inulti.’

506 2875 677 2933 Hinc
704 2875 867 2933 ferro
899 2875 1188 2953 accingor
1217 2894 1429 2934 rursus
1459 2876 1783 2952 clipeoque
1814 2875 2124 2934 sinistram

421 2974 798 3034 insertabam
829 2983 1069 3052 aptans,
1104 2994 1325 3053 meque
1356 2985 1528 3035 extra
1557 2985 1722 3035 tecta
1750 2975 2043 3035 ferebam.

421 3077 581 3134 Ecce
613 3083 819 3134 autem
850 3076 1171 3152 complexa
1201 3076 1394 3152 pedes
1427 3075 1489 3133 in
1520 3074 1728 3133 limin'e
1758 3074 2028 3133 coniunx

420 3175 732 3248 haerebat,
766 3194 1146 3252 parvumque
1176 3175 1336 3253 patri
1367 3175 1666 3235 tendebat
1697 3175 1899 3234 Iulum
1924 3197 1937 3234 ε

418 3273 433 3298 ‘
457 3275 522 3334 Si
554 3275 863 3354 periturus
893 3275 1047 3349 abis,
1081 3285 1144 3335 et
1172 3294 1288 3334 nos
1317 3294 1465 3353 rape
1497 3275 1556 3333 in
1591 3274 1797 3335 omnia
1826 3285 2067 3346 tecum;

420 3375 515 3435 sin
552 3375 821 3453 aliquam
851 3386 1138 3453 expertus
1170 3376 1432 3452 sumptis
1462 3394 1637 3452 spem
1667 3376 1848 3454 ponis
1878 3375 1942 3434 in
1972 3372 2177 3446 armiS,

417 3476 580 3535 hanc
610 3462 877 3554 primum
907 3486 1106 3535 tutare
1138 3476 1407 3535 domum.
1498 3475 1615 3538 Cui
1644 3494 1869 3553 parvus
1903 3475 2093 3548 IuluS,

418 3574 519 3633 cui
550 3584 729 3653 pater
758 3584 821 3635 et
851 3575 1121 3635 coniunx
1153 3575 1465 3651 quondam
1495 3584 1604 3637 tua
1632 3575 1801 3634 dicta
1830 3573 2218 3652 relinquor?'

2369 820 2375 826 .
2409 772 2508 839 650

2411 2772 2511 2836 670
