2796 4287
439 315 530 380 66
1260 316 1323 377 T
1311 317 1392 379 [τε
1437 315 1716 378 AEneid.

992 622 1342 665 Embnrkation
1371 624 1423 664 of
1448 623 1532 665 the
1558 623 1780 675 Trojano.

586 740 1009 815 OSTQUAM
1043 759 1140 799 res
1172 739 1359 799 Asiae
1392 739 1739 816 Priamique
1770 748 2040 799 evertere
2069 749 2313 817 gentem

622 840 984 899 immeritam
1015 840 1213 899 visum
1246 840 1501 916 superis,
1537 839 1879 916 ceciditque
1910 840 2240 916 superbum

440 939 641 1012 Ilium,
677 949 739 1000 et
766 939 966 999 omnis
995 940 1185 998 humo
1212 940 1412 998 fumat
1443 939 1757 1016 Neptunia
1786 939 1988 1013 Troia,

439 1040 681 1101 diversa
710 1039 923 1099 exsilia
951 1049 1013 1099 et
1042 1040 1316 1099 desertas
1347 1059 1640 1116 quaerere
1670 1048 1861 1099 terras

439 1139 709 1217 auguriis
739 1139 976 1217 agimur
1005 1139 1229 1212 divom,
1264 1140 1649 1217 classemque
1680 1141 1794 1199 sub
1825 1141 1962 1218 ipsa

440 1240 760 1299 Antandro
789 1248 852 1299 et
882 1239 1181 1318 Phrygiae
1213 1238 1497 1298 molimur
1526 1239 1837 1300 montibus
1868 1240 2036 1313 Idae,

436 1339 667 1413 incerti,
703 1359 826 1416 quo
853 1341 983 1399 fata
1010 1341 1230 1413 ferant,
1266 1340 1370 1399 ubi
1404 1340 1618 1399 sistere
1649 1341 1841 1413 detur,

436 1439 972 1517 contrahimusque
1002 1440 1183 1500 viros.
1272 1440 1393 1498 Vix
1423 1440 1621 1517 prima
1651 1440 1963 1517 inceperat
1993 1447 2211 1511 aestas,

437 1548 499 1599 et
527 1548 700 1616 pater
732 1539 1035 1600 Anchises
1065 1541 1210 1600 dare
1239 1540 1385 1599 fatis
1415 1541 1554 1600 vela
1581 1540 1850 1614 iubebat,

438 1639 615 1698 litora
641 1658 782 1699 cum
812 1640 1044 1717 patriae
1076 1640 1401 1699 lacrimans
1431 1650 1764 1717 portusque
1794 1640 2072 1717 relinquo

437 1747 499 1799 et
525 1758 793 1817 campOS,
828 1740 932 1799 ubi
963 1740 1151 1799 Troia
1177 1740 1329 1799 fuit:
1373 1741 1539 1799 feror
1568 1741 1739 1800 exsul
1769 1740 1832 1799 in
1865 1741 2052 1800 altum

437 1858 577 1899 cum
607 1839 790 1899 sociis
821 1848 1085 1917 natoque
1119 1840 1456 1899 Penatibus
1486 1850 1548 1900 et
1577 1841 1816 1925 magnis
1846 1841 1958 1901 dis.

986 2059 1216 2110 Londing
1241 2059 1291 2100 in
1317 2052 1521 2101 Thrace.

520 2177 713 2235 Terra
742 2175 954 2253 procul
983 2174 1174 2234 vastis
1204 2174 1423 2234 colitur
1456 2175 1761 2234 Mavortia
1790 2174 2039 2251 campiS,

437 2276 711 2335 Thraces
741 2284 932 2348 arant,
967 2273 1090 2334 acri
1121 2276 1434 2352 quondam
1464 2283 1719 2352 regnata
1748 2276 2047 2353 Lycurgo,

436 2370 770 2452 hospitium
801 2374 1120 2453 antiquum
1149 2375 1374 2435 Troiae
1406 2374 1678 2452 sociique
1713 2377 1992 2446 Penates,

439 2477 584 2535 dum
613 2475 860 2536 fortuna
886 2475 1019 2536 fuit.
1111 2478 1296 2536 Feror
1323 2477 1462 2549 hue,
1497 2486 1559 2535 et
1589 2475 1760 2535 litore
1791 2494 1977 2534 curvo

438 2576 683 2635 moenia
711 2576 907 2653 prima
936 2577 1087 2650 loco,
1120 2576 1265 2645 fatis
1295 2577 1609 2654 ingressus
1640 2575 1883 2652 iniquiS,

438 2676 888 2754 Aeneadasque
919 2695 1058 2736 meo
1089 2695 1312 2737 nomen
1342 2677 1420 2735 de
1452 2676 1696 2736 nomine
1726 2676 1910 2752 fingo.

838 2894 993 2934 'romb
1023 2893 1075 2933 of
1099 2891 1184 2932 the
1211 2890 1466 2931 Murdered
1495 2889 1780 2938 Polydorus.

524 3013 709 3072 Sacra
740 3011 1056 3070 Dionaeae
1089 3008 1265 3067 matri
1298 3006 1578 3083 divisque
1606 3006 1882 3065 ferebam

438 3110 792 3188 auspicibus
822 3118 1174 3185 coeptorum
1205 3124 1477 3183 operum,
1512 3124 1856 3181 superoque
1887 3106 2179 3167 nitentem

436 3210 793 3270 caelicolum
824 3209 952 3286 regi
984 3207 1327 3267 mactabam
1357 3205 1424 3264 in
1455 3205 1629 3265 litore
1658 3215 1917 3266 taurum.

440 3311 620 3370 Forte
649 3309 768 3368 fuit
797 3308 965 3367 iuxta
992 3308 1279 3380 tumuluS,
1314 3326 1439 3383 quo
1469 3325 1693 3366 cornea
1722 3325 1961 3365 summo

436 3410 699 3487 virgulta
728 3419 789 3469 et
818 3408 1027 3468 densis
1055 3406 1382 3466 hastilibus
1411 3406 1660 3466 horrida
1690 3416 1938 3485 myrtuS.

437 3508 712 3580 Accessi,
745 3508 1124 3585 viridemque
1158 3506 1235 3565 ab
1265 3507 1456 3565 humo
1485 3507 1828 3567 convellere
1859 3507 2073 3565 silvam

437 3617 710 3681 conatuS,
745 3607 930 3668 ramis
960 3618 1227 3685 tegerem
1259 3616 1326 3665 ut
1352 3606 1783 3666 frondentibus
1815 3626 1967 3678 araS,

436 3709 807 3768 horrendum
839 3718 901 3767 et
929 3708 1097 3767 dictu
1129 3706 1308 3766 video
1338 3705 1617 3765 mirabile
1649 3716 2003 3765 monstrum.

439 3809 618 3882 Nam,
652 3826 809 3884 quae
839 3807 1036 3884 prima
1067 3807 1198 3866 solo
1228 3806 1422 3880 ruptis
1452 3804 1761 3863 radicibus
1793 3805 1972 3864 arbos

2215 320 2405 385 [Boon
2428 321 2536 369 111.

2469 1653 2530 1689 10

2470 2388 2530 2441 15

2468 3123 2533 3158 20

2473 3621 2534 3673 ²5
