2796 4287
327 245 507 315 1-40.]
938 239 1068 301 The
1115 238 1441 321 Landing
1486 239 1556 301 in
1606 241 1861 321 Africa.

331 432 387 492 si
418 451 548 509 qua
576 432 718 491 fata
747 429 966 503 sinant,
1000 429 1123 489 iam
1152 439 1283 490 tum
1313 432 1634 510 tenditque
1662 433 1970 510 fovetque.

334 530 715 609 Progeniem
747 530 859 590 sed
887 530 1049 589 enim
1079 530 1352 592 Troiano
1383 551 1421 590 a
1450 532 1749 611 sanguine
1779 532 1923 593 duci

335 631 641 703 audierat,
677 629 896 709 Tyrias
925 630 1071 689 olim
1102 650 1260 708 quae
1291 628 1554 692 verteret
1583 651 1790 693 arces·
1777 679 1791 706 ,

333 731 482 790 hinc
501 730 817 846 populum
846 730 965 789 late
994 749 1200 808 regem
1229 731 1517 808 belloque
1548 733 1901 810 superbum

334 791 671 891 venturum
701 829 942 890 excidio
974 830 1243 909 Libyae:
1290 830 1382 891 sic
1412 832 1656 891 volvere
1688 834 1930 894 Parcas,

849 1892 956 1933 Tur.
982 1891 1171 1942 Putem,
1198 1903 1325 1932 wrm
1354 1892 1595 1936 Mmssxvn.

339 2030 421 2090 Id
446 2038 749 2103 metuenS,
779 2027 1129 2104 veterisque
1158 2047 1390 2087 memor
1423 2030 1709 2089 Saturnia
1737 2030 1900 2104 belli,

337 2128 535 2207 prima
565 2129 735 2207 quod
764 2128 846 2189 ad
875 2127 1125 2187 Troiam
1153 2147 1265 2205 pro
1295 2128 1455 2189 caris
1483 2140 1763 2207 gesserat
1792 2130 1976 2209 Argis
1996 2168 2083 2177 —

339 2230 608 2288 necdum
638 2229 824 2289 etiam
853 2246 1078 2288 causae
1109 2227 1333 2287 irarum
1364 2230 1656 2307 saevique
1686 2231 1932 2291 dolores

341 2328 698 2389 exciderant
727 2328 968 2388 animo:
1015 2337 1225 2387 manet
1255 2329 1381 2389 alta
1413 2340 1618 2390 mente
1649 2341 1965 2408 repostum

340 2428 633 2489 iudicium
665 2428 902 2489 Paridis
931 2436 1300 2506 spretaeque
1330 2426 1556 2488 iniuria
1584 2431 1835 2505 formae,

340 2537 406 2588 et
429 2547 629 2606 genus
658 2528 942 2601 invisum,
975 2537 1039 2587 et
1068 2527 1228 2606 rapti
1258 2529 1639 2608 Ganymedis
1670 2530 1959 2591 honores,

342 2627 466 2687 His
497 2647 760 2688 accensa
791 2646 992 2704 super,
1027 2626 1289 2687 iactatos
1320 2648 1590 2706 aequore
1620 2640 1753 2690 toto

338 2728 552 2802 Troas,
586 2727 881 2805 reliquias
913 2728 1204 2787 Danaum
1236 2737 1422 2805 atque
1453 2729 1704 2790 immitis
1736 2729 1982 2803 Achilli,

338 2823 589 2887 arcebat
618 2827 802 2905 longe
834 2826 1032 2900 Latio,
1067 2827 1418 2905 multosque
1448 2848 1559 2906 per
1588 2848 1790 2890 annos

336 2929 642 3002 errabant,
677 2927 800 2987 acti
827 2926 992 3001 fatis,
1026 2926 1218 2986 maria
1247 2928 1457 2987 omnia
1487 2929 1735 2991 circum.

334 3028 576 3088 Tantae
607 3028 788 3088 molis
819 3037 953 3087 erat
984 3029 1332 3087 Romanam
1362 3030 1630 3090 condere
1659 3036 1946 3109 gentem!

416 3128 538 3187 Vix
564 3149 598 3189 e
629 3136 974 3207 conspectu
1009 3128 1250 3188 Siculae
1279 3128 1516 3189 telluris
1546 3128 1609 3188 in
1641 3130 1833 3189 altum

331 3228 470 3288 vela
502 3230 740 3290 dabant
772 3227 938 3301 laeti,
971 3236 1034 3287 et
1065 3246 1316 3304 spumas
1347 3228 1496 3288 salis
1527 3248 1667 3289 aere
1698 3230 1980 3304 ruebant,

331 3347 470 3388 cum
499 3332 676 3405 Iuno,
711 3338 1038 3389 aeternum
1069 3346 1325 3388 servans
1357 3328 1474 3387 sub
1504 3338 1754 3405 pectore
1784 3329 2024 3401 volnuS,

329 3428 481 3491 haec
507 3450 750 3493 secum:
807 3427 1031 3488 ‘Mene
1061 3427 1313 3505 incepto
1342 3427 1643 3489 desistere
1674 3429 1917 3501 victam,

328 3548 443 3591 nec
467 3552 652 3611 posse
685 3528 881 3592 Italia
909 3530 1289 3588 Teucrorum
1319 3537 1595 3588 avertere
1624 3530 1867 3606 regem?

328 3629 563 3711 Quippe
593 3643 782 3695 vetor
811 3628 980 3688 fatis.
1071 3627 1360 3687 Pallasne
1392 3647 1645 3688 exurere
1676 3626 1939 3687 classem

323 3732 602 3812 Argivom
634 3744 843 3811 atque
875 3727 1045 3805 ipsos
1074 3728 1281 3806 potuit
1311 3728 1702 3807 submergere
1731 3735 1946 3803 ponte,

2368 2243 2430 2297 25

2366 2744 2430 2795 30

2364 3242 2427 3295 35

2360 3737 2429 3786 4ο
