2796 4287
389 301 516 363 186
987 267 991 270 ι
1202 295 1264 357 T
1254 296 1335 358 lte
1382 294 1660 359 AEneid.
2005 312 2008 317 ·
2155 302 2345 369 [Boon
2377 305 2477 354 VI.

386 490 594 561 Filius,
630 509 789 548 anne
822 489 1043 565 aliquis
1074 507 1297 565 magna
1328 487 1406 545 de
1439 485 1627 577 stirpe
1659 495 1951 563 nepotum
1977 489 2000 545 ?

385 589 542 663 Quis
574 589 863 666 strepitus
894 589 1056 647 circa
1085 588 1412 646 comitum!
1489 586 1804 660 Quantum
1835 586 2028 645 instar
2058 586 2123 644 in
2152 585 2324 662 ipso!
2375 600 2477 666 865

387 689 511 749 Sed
541 709 659 747 nox
691 699 823 747 atra
853 697 1040 765 caput
1070 686 1228 747 tristi
1260 686 1660 770 circumvolat
1690 686 1945 745 umbra.'

384 792 544 848 Tum
575 800 751 866 pater
783 789 1109 861 AnchiseS,
1145 787 1413 846 lacrimis
1444 786 1760 864 ingressus
1791 786 2057 846 obortis:

468 888 482 913 ³
502 891 557 950 O
586 900 787 967 gnate,
823 889 1133 966 ingentem
1166 888 1396 947 luctum
1430 907 1507 947 ne
1539 906 1765 963 quaere
1797 896 2079 960 tuorum3

384 991 714 1051 ostendent
745 992 922 1049 terris
952 990 1117 1047 hunc
1148 996 1388 1047 tantum
1418 988 1567 1061 fata,
1603 1007 1802 1063 neque
1834 988 1992 1045 ultra

384 1099 521 1150 esse
553 1091 772 1150 sinent.
867 1089 1141 1148 Nimium
1172 1089 1350 1147 vobis
1385 1091 1671 1147 Romana
1699 1107 1973 1165 propago

383 1192 516 1250 visa
545 1202 781 1267 potenS‚
820 1190 1052 1267 Superi,
1088 1190 1336 1267 propria
1368 1190 1523 1248 haec
1556 1188 1606 1247 si
1638 1188 1802 1247 dona
1827 1188 2112 1247 fuissent.

387 1292 671 1365 Quantos
703 1291 802 1349 ille
832 1291 1027 1350 virum
1059 1309 1344 1367 magnam
1380 1288 1679 1348 Mavortis
1711 1288 1790 1346 ad
1820 1288 2031 1372 urbem

385 1411 638 1468 campus
672 1401 810 1468 aget
839 1391 1121 1468 gemituS‚
1155 1391 1251 1449 vel
1284 1409 1462 1466 quae,
1499 1388 1810 1460 Tiberine,
1842 1387 2083 1447 videbis

382 1492 618 1563 funera,
654 1511 793 1550 cum
823 1491 1121 1549 tumulum
1155 1490 1604 1567 praeterlabere
1638 1493 1981 1547 recentem!

388 1595 521 1651 Nec
551 1612 702 1668 puer
734 1592 925 1650 Iliaca
954 1591 1277 1667 quisquam
1310 1590 1387 1650 de
1418 1600 1603 1668 gente
1636 1589 1892 1649 Latinos

386 1692 450 1749 in
479 1702 715 1751 tantum
747 1711 855 1768 spe
886 1692 1056 1750 tollet
1089 1710 1253 1762 avo5‚
1289 1710 1405 1749 nec
1440 1690 1704 1748 Romula
1738 1689 2048 1765 quondam

388 1793 510 1850 ullo
541 1811 607 1851 se
638 1802 876 1850 tantum
907 1791 1085 1850 tellus
1117 1790 1368 1849 iactabit
1402 1791 1664 1849 alumno,

391 1894 537 1951 Heu
567 1891 782 1968 pietas,
816 1892 936 1950 heu
966 1890 1171 1968 prisca
1200 1890 1374 1963 fides,
1393 1890 1762 1965 'invictaque
1791 1890 1954 1949 bello

388 1992 669 2051 dextera!
762 1994 904 2050 Non
935 1991 1019 2048 illi
1054 2010 1120 2050 se
1153 1990 1479 2066 quisquam
1513 1990 1760 2065 impune
1792 1990 2037 2048 tulisset

388 2092 607 2152 obvius
638 2101 888 2165 armat0,
924 2110 1033 2150 seu
1065 2109 1204 2149 cum
1235 2090 1428 2168 pedes
1462 2090 1575 2150 iret
1606 2090 1670 2148 in
1700 2091 1958 2161 hostem,

389 2213 494 2252 seu
529 2192 869 2270 spumantis
901 2192 1043 2267 equi
1074 2192 1315 2250 foderet
1344 2191 1687 2250 calcaribus
1720 2210 1936 2249 armos,

393 2295 553 2364 Heu,
587 2292 934 2351 miserande
964 2311 1134 2368 puer,
1170 2291 1222 2349 si
1254 2310 1376 2367 qua
1406 2291 1536 2350 fata
1567 2309 1784 2366 aspera
1815 2272 2079 2365 rumpas
2135 2289 2139 2292 ’

387 2403 451 2451 tu
487 2391 817 2450 Marcellus
849 2391 987 2450 eris.
1082 2391 1373 2449 Manibus
1406 2391 1549 2450 date
1582 2390 1707 2447 lilia
1736 2389 1950 2466 pleniS,

388 2510 726 2568 purpureos
758 2510 1043 2568 spargam
1075 2491 1273 2562 flores,
1310 2490 1697 2565 animamque
1729 2488 1975 2565 nepotis

387 2591 485 2649 his
517 2591 728 2649 saltem
763 2590 1147 2650 adcumulem
1179 2589 1377 2663 doniS,
1414 2598 1476 2649 et
1504 2590 1726 2666 fungar
1756 2588 1924 2647 inani

390 2691 774 2757 munere'-
794 2691 894 2750 Sic
925 2700 1053 2749 tota
1083 2689 1316 2767 passim
1347 2689 1598 2766 regione
1631 2697 1929 2765 vagantur

391 2790 549 2851 aeris
578 2790 641 2849 in
671 2791 906 2866 campis
939 2791 1094 2863 latis,
1131 2800 1316 2865 atque
1348 2789 1555 2857 omnia
1585 2789 1864 2848 lustrant.

390 2891 569 2965 Quae
600 2900 929 2966 postquam
964 2890 1272 2948 Anchises
1303 2900 1513 2947 natum
1545 2909 1655 2966 per
1685 2888 1926 2966 singula
1957 2887 2148 2961 duxit,

391 2991 789 3067 incenditque
822 2990 1093 3048 animum
1123 2990 1326 3049 famae
1358 2989 1668 3049 venientis
1701 3007 1921 3061 amore,

390 3090 531 3151 exin
559 3091 724 3149 bella
753 3090 883 3149 viro
915 3076 1215 3149 memorat
1247 3108 1408 3166 quae
1439 3089 1664 3148 deinde
1695 3072 1982 3165 gerenda,

391 3190 839 3266 Laurentisque
870 3191 1052 3250 docet
1083 3191 1347 3267 populos
1379 3190 1717 3265 urbemque
1756 3187 1980 3260 Latini,

389 3299 452 3351 et
483 3310 605 3368 quo
637 3309 945 3368 quemque
976 3291 1161 3349 modo
1193 3290 1513 3368 fugiatque
1544 3290 1826 3366 feratque
1857 3289 2148 3347 laborem.

1058 3472 1164 3514 The
1190 3473 1341 3514 Getes
1368 3472 1420 3514 of
1449 3472 1605 3524 Sleep.

477 3594 632 3652 Sunt
661 3590 943 3679 geminae
979 3590 1190 3651 Somni
1223 3600 1455 3667 portae,
1490 3609 1747 3667 quarum
1779 3589 1969 3648 altera
1995 3587 2188 3647 fertur

390 3712 630 3765 cornea,
666 3711 789 3768 qua
819 3690 981 3751 veris
1011 3690 1213 3749 facilis
1244 3691 1423 3749 datur
1452 3690 1655 3750 exitus
1685 3688 1917 3748 umbris
1941 3711 1956 3762 ;

392 3793 582 3851 altera
612 3790 903 3851 candenti
934 3790 1212 3868 perfecta
1241 3789 1446 3849 nitens
1477 3789 1825 3866 elephante,

2377 1102 2480 1165 870

2381 2103 2479 2154 880
