<?xml version="1.0" encoding="UTF-8"?>
<!DOCTYPE html PUBLIC "-//W3C//DTD XHTML 1.0 Transitional//EN"
    "http://www.w3.org/TR/xhtml1/DTD/xhtml1-transitional.dtd">
<html xmlns="http://www.w3.org/1999/xhtml" xml:lang="en" lang="en">
 <head>
  <title>
</title>
<meta http-equiv="Content-Type" content="text/html;charset=utf-8" />
  <meta name='ocr-system' content='tesseract 3.04.00' />
  <meta name='ocr-capabilities' content='ocr_page ocr_carea ocr_par ocr_line ocrx_word'/>
</head>
<body>
  <div class='ocr_page' id='page_1' title='image "./greaterpoemsvir01kittgoog_0151.png"; bbox 0 0 2796 4287; ppageno 0'>
   <div class='ocr_carea' id='block_1_1' title="bbox 260 310 2358 393">
    <p class='ocr_par' dir='ltr' id='par_1_1' title="bbox 260 310 2358 393">
     <span class='ocr_line' id='line_1_1' title="bbox 260 310 2358 393; baseline -0.001 -19"><span class='ocrx_word' id='word_1_1' title='bbox 260 322 526 390; x_wconf 65' lang='lat'><strong>280-329]</strong></span> <span class='ocrx_word' id='word_1_2' title='bbox 782 310 920 373; x_wconf 72' lang='lat' dir='ltr'><strong>The</strong></span> <span class='ocrx_word' id='word_1_3' title='bbox 973 310 1404 393; x_wconf 79' lang='lat' dir='ltr'><strong>Wanden&#39;ngs</strong></span> <span class='ocrx_word' id='word_1_4' title='bbox 1451 311 1533 393; x_wconf 74' lang='lat' dir='ltr'><strong>qs</strong></span> <span class='ocrx_word' id='word_1_5' title='bbox 1570 310 1846 373; x_wconf 82' lang='lat' dir='ltr'><strong>AEneas.</strong></span> <span class='ocrx_word' id='word_1_6' title='bbox 2274 322 2358 388; x_wconf 95' lang='lat'><strong>77</strong></span> 
     </span>
    </p>
   </div>
   <div class='ocr_carea' id='block_1_2' title="bbox 255 500 2358 1282">
    <p class='ocr_par' dir='ltr' id='par_1_2' title="bbox 258 500 2184 681">
     <span class='ocr_line' id='line_1_2' title="bbox 262 500 2184 578; baseline -0.002 -15"><span class='ocrx_word' id='word_1_7' title='bbox 262 505 501 563; x_wconf 88' lang='lat' dir='ltr'>Hector</span> <span class='ocrx_word' id='word_1_8' title='bbox 531 503 639 563; x_wconf 92' lang='lat' dir='ltr'><strong>ubi</strong></span> <span class='ocrx_word' id='word_1_9' title='bbox 671 504 836 562; x_wconf 85' lang='lat' dir='ltr'><strong>est?’</strong></span> <span class='ocrx_word' id='word_1_10' title='bbox 933 501 1122 574; x_wconf 84' lang='lat' dir='ltr'>Dixit,</span> <span class='ocrx_word' id='word_1_11' title='bbox 1155 501 1565 578; x_wconf 84' lang='lat' dir='ltr'>lacrimasque</span> <span class='ocrx_word' id='word_1_12' title='bbox 1595 500 1815 561; x_wconf 86' lang='lat' dir='ltr'><strong>effudit</strong></span> <span class='ocrx_word' id='word_1_13' title='bbox 1844 511 1907 561; x_wconf 89' lang='lat' dir='ltr'><strong>et</strong></span> <span class='ocrx_word' id='word_1_14' title='bbox 1936 519 2184 560; x_wconf 91' lang='lat' dir='ltr'><strong>omnem</strong></span> 
     </span>
     <span class='ocr_line' id='line_1_3' title="bbox 258 600 1787 681; baseline -0.003 -19"><span class='ocrx_word' id='word_1_15' title='bbox 258 603 535 681; x_wconf 87' lang='lat' dir='ltr'><strong>implevit</strong></span> <span class='ocrx_word' id='word_1_16' title='bbox 567 603 838 662; x_wconf 89' lang='lat' dir='ltr'><strong>clamore</strong></span> <span class='ocrx_word' id='word_1_17' title='bbox 871 602 1092 662; x_wconf 92' lang='lat' dir='ltr'><strong>locum.</strong></span> <span class='ocrx_word' id='word_1_18' title='bbox 1182 601 1303 660; x_wconf 84' lang='lat' dir='ltr'><strong>Vix</strong></span> <span class='ocrx_word' id='word_1_19' title='bbox 1331 620 1531 679; x_wconf 89' lang='lat' dir='ltr'><strong>pauca</strong></span> <span class='ocrx_word' id='word_1_20' title='bbox 1560 600 1787 659; x_wconf 83' lang='lat' dir='ltr'><strong>furenti</strong></span> 
     </span>
    </p>

    <p class='ocr_par' dir='ltr' id='par_1_3' title="bbox 257 701 1646 776">
     <span class='ocr_line' id='line_1_4' title="bbox 257 701 1646 776; baseline -0.001 -13"><span class='ocrx_word' id='word_1_21' title='bbox 257 703 515 776; x_wconf 90' lang='lat' dir='ltr'><strong>subicio,</strong></span> <span class='ocrx_word' id='word_1_22' title='bbox 549 712 615 762; x_wconf 91' lang='lat' dir='ltr'><strong>et</strong></span> <span class='ocrx_word' id='word_1_23' title='bbox 644 703 798 762; x_wconf 85' lang='lat' dir='ltr'><strong>raris</strong></span> <span class='ocrx_word' id='word_1_24' title='bbox 829 702 1115 762; x_wconf 88' lang='lat' dir='ltr'><strong>turbatus</strong></span> <span class='ocrx_word' id='word_1_25' title='bbox 1144 701 1404 761; x_wconf 88' lang='lat' dir='ltr'><strong>vocibus</strong></span> <span class='ocrx_word' id='word_1_26' title='bbox 1434 701 1610 761; x_wconf 89' lang='lat' dir='ltr'><strong>hisco</strong></span> <span class='ocrx_word' id='word_1_27' title='bbox 1634 724 1646 760; x_wconf 74' lang='grc' dir='ltr'>ε</span> 
     </span>
    </p>

    <p class='ocr_par' dir='ltr' id='par_1_4' title="bbox 255 801 2358 976">
     <span class='ocr_line' id='line_1_5' title="bbox 257 801 2358 880; baseline 0.002 -19"><span class='ocrx_word' id='word_1_28' title='bbox 257 802 445 864; x_wconf 72' lang='lat' dir='ltr'><strong>‘Vivo</strong></span> <span class='ocrx_word' id='word_1_29' title='bbox 477 802 788 879; x_wconf 85' lang='lat' dir='ltr'><strong>equidem,</strong></span> <span class='ocrx_word' id='word_1_30' title='bbox 821 801 1136 878; x_wconf 84' lang='lat' dir='ltr'><strong>vitamque</strong></span> <span class='ocrx_word' id='word_1_31' title='bbox 1165 811 1436 862; x_wconf 82' lang='lat' dir='ltr'><strong>extrema</strong></span> <span class='ocrx_word' id='word_1_32' title='bbox 1465 820 1575 880; x_wconf 91' lang='lat' dir='ltr'><strong>per</strong></span> <span class='ocrx_word' id='word_1_33' title='bbox 1604 801 1811 862; x_wconf 90' lang='lat' dir='ltr'><strong>omnia</strong></span> <span class='ocrx_word' id='word_1_34' title='bbox 1840 801 2038 873; x_wconf 90' lang='lat' dir='ltr'><strong>duco;</strong></span> <span class='ocrx_word' id='word_1_35' title='bbox 2263 812 2358 865; x_wconf 82' lang='lat'><strong>3¹5</strong></span> 
     </span>
     <span class='ocr_line' id='line_1_6' title="bbox 255 901 1181 976; baseline -0.002 -13"><span class='ocrx_word' id='word_1_36' title='bbox 255 925 330 964; x_wconf 90' lang='lat' dir='ltr'><strong>ne</strong></span> <span class='ocrx_word' id='word_1_37' title='bbox 361 904 608 976; x_wconf 71' lang='lat' dir='ltr'><strong>dubita,</strong></span> <span class='ocrx_word' id='word_1_38' title='bbox 639 922 782 961; x_wconf 92' lang='lat' dir='ltr'><strong>nam</strong></span> <span class='ocrx_word' id='word_1_39' title='bbox 810 921 958 963; x_wconf 88' lang='lat' dir='ltr'><strong>vera</strong></span> <span class='ocrx_word' id='word_1_40' title='bbox 989 901 1181 962; x_wconf 91' lang='lat' dir='ltr'><strong>vides.</strong></span> 
     </span>
    </p>

    <p class='ocr_par' dir='ltr' id='par_1_5' title="bbox 256 1002 1738 1082">
     <span class='ocr_line' id='line_1_7' title="bbox 256 1002 1738 1082; baseline -0.002 -18"><span class='ocrx_word' id='word_1_41' title='bbox 256 1008 422 1078; x_wconf 90' lang='lat' dir='ltr'><strong>Heu,</strong></span> <span class='ocrx_word' id='word_1_42' title='bbox 459 1004 607 1082; x_wconf 91' lang='lat' dir='ltr'><strong>quis</strong></span> <span class='ocrx_word' id='word_1_43' title='bbox 634 1013 697 1063; x_wconf 90' lang='lat' dir='ltr'><strong>te</strong></span> <span class='ocrx_word' id='word_1_44' title='bbox 726 1022 909 1063; x_wconf 87' lang='lat' dir='ltr'><strong>casus</strong></span> <span class='ocrx_word' id='word_1_45' title='bbox 938 1002 1240 1063; x_wconf 88' lang='lat' dir='ltr'><strong>deiectam</strong></span> <span class='ocrx_word' id='word_1_46' title='bbox 1271 1003 1533 1081; x_wconf 89' lang='lat' dir='ltr'><strong>coniuge</strong></span> <span class='ocrx_word' id='word_1_47' title='bbox 1563 1013 1738 1063; x_wconf 88' lang='lat' dir='ltr'><strong>tanto</strong></span> 
     </span>
    </p>

    <p class='ocr_par' dir='ltr' id='par_1_6' title="bbox 256 1103 1759 1183">
     <span class='ocr_line' id='line_1_8' title="bbox 256 1103 1759 1183; baseline -0.002 -18"><span class='ocrx_word' id='word_1_48' title='bbox 256 1105 506 1183; x_wconf 83' lang='lat' dir='ltr'><strong>excipit,</strong></span> <span class='ocrx_word' id='word_1_49' title='bbox 541 1113 650 1163; x_wconf 90' lang='lat' dir='ltr'><strong>aut</strong></span> <span class='ocrx_word' id='word_1_50' title='bbox 681 1123 839 1181; x_wconf 90' lang='lat' dir='ltr'><strong>quae</strong></span> <span class='ocrx_word' id='word_1_51' title='bbox 870 1103 1060 1181; x_wconf 88' lang='lat' dir='ltr'><strong>digna</strong></span> <span class='ocrx_word' id='word_1_52' title='bbox 1091 1103 1243 1163; x_wconf 88' lang='lat' dir='ltr'><strong>satis</strong></span> <span class='ocrx_word' id='word_1_53' title='bbox 1270 1104 1520 1163; x_wconf 78' lang='lat' dir='ltr'><strong>fortuna</strong></span> <span class='ocrx_word' id='word_1_54' title='bbox 1550 1103 1759 1163; x_wconf 87' lang='lat' dir='ltr'><strong>revisit</strong></span> 
     </span>
    </p>

    <p class='ocr_par' dir='ltr' id='par_1_7' title="bbox 260 1202 2078 1282">
     <span class='ocr_line' id='line_1_9' title="bbox 260 1202 2078 1282; baseline -0.002 -17"><span class='ocrx_word' id='word_1_55' title='bbox 260 1204 563 1265; x_wconf 87' lang='lat' dir='ltr'><strong>Hectoris</strong></span> <span class='ocrx_word' id='word_1_56' title='bbox 596 1204 1114 1264; x_wconf 84' lang='lat' dir='ltr'><strong>Andromachen?</strong></span> <span class='ocrx_word' id='word_1_57' title='bbox 1202 1203 1478 1282; x_wconf 89' lang='lat' dir='ltr'><strong>Pyrrhin’</strong></span> <span class='ocrx_word' id='word_1_58' title='bbox 1511 1202 1777 1263; x_wconf 90' lang='lat' dir='ltr'><strong>conubia</strong></span> <span class='ocrx_word' id='word_1_59' title='bbox 1808 1202 2078 1262; x_wconf 83' lang='lat' dir='ltr'><strong>servas?&#39;</strong></span> 
     </span>
    </p>
   </div>
   <div class='ocr_carea' id='block_1_3' title="bbox 381 1414 1987 2648">
    <p class='ocr_par' dir='ltr' id='par_1_8' title="bbox 381 1414 1987 2648">
     <span class='ocr_line' id='line_1_10' title="bbox 381 1414 1987 2648; baseline 0 0"><span class='ocrx_word' id='word_1_60' title='bbox 381 1414 1987 2648; x_wconf 95' lang='lat' dir='ltr'><strong> </strong></span> 
     </span>
    </p>
   </div>
   <div class='ocr_carea' id='block_1_4' title="bbox 703 2712 1636 2765">
    <p class='ocr_par' dir='ltr' id='par_1_9' title="bbox 703 2712 1636 2765">
     <span class='ocr_line' id='line_1_11' title="bbox 703 2712 1636 2765; baseline 0 -10"><span class='ocrx_word' id='word_1_61' title='bbox 703 2712 966 2755; x_wconf 62' lang='lat' dir='ltr'><strong>Ornnnos</strong></span> <span class='ocrx_word' id='word_1_62' title='bbox 992 2724 1054 2755; x_wconf 77' lang='grc' dir='ltr'><strong>το</strong></span> <span class='ocrx_word' id='word_1_63' title='bbox 1080 2724 1176 2754; x_wconf 66' lang='lat' dir='ltr'><strong>run</strong></span> <span class='ocrx_word' id='word_1_64' title='bbox 1203 2713 1344 2755; x_wconf 64' lang='lat' dir='ltr'><strong>Duo</strong></span> <span class='ocrx_word' id='word_1_65' title='bbox 1365 2714 1457 2763; x_wconf 79' lang='lat' dir='ltr'>(vv.</span> <span class='ocrx_word' id='word_1_66' title='bbox 1479 2713 1636 2765; x_wconf 78' lang='lat'><strong>³0¹·3)·</strong></span> 
     </span>
    </p>
   </div>
   <div class='ocr_carea' id='block_1_5' title="bbox 269 2897 2365 3874">
    <p class='ocr_par' dir='ltr' id='par_1_10' title="bbox 269 2897 2365 3874">
     <span class='ocr_line' id='line_1_12' title="bbox 352 2897 2365 2961; baseline 0 -1"><span class='ocrx_word' id='word_1_67' title='bbox 352 2899 598 2961; x_wconf 88' lang='lat' dir='ltr'><strong>Deiecit</strong></span> <span class='ocrx_word' id='word_1_68' title='bbox 627 2898 859 2959; x_wconf 91' lang='lat' dir='ltr'><strong>voltum</strong></span> <span class='ocrx_word' id='word_1_69' title='bbox 887 2908 951 2958; x_wconf 92' lang='lat' dir='ltr'><strong>et</strong></span> <span class='ocrx_word' id='word_1_70' title='bbox 980 2897 1251 2958; x_wconf 87' lang='lat' dir='ltr'><strong>demissa</strong></span> <span class='ocrx_word' id='word_1_71' title='bbox 1279 2915 1431 2958; x_wconf 88' lang='lat' dir='ltr'><strong>voce</strong></span> <span class='ocrx_word' id='word_1_72' title='bbox 1461 2898 1667 2958; x_wconf 89' lang='lat' dir='ltr'><strong>locuta</strong></span> <span class='ocrx_word' id='word_1_73' title='bbox 1695 2908 1825 2959; x_wconf 86' lang='lat' dir='ltr'><strong>est:</strong></span> <span class='ocrx_word' id='word_1_74' title='bbox 2269 2909 2365 2961; x_wconf 85' lang='lat'><strong>320</strong></span> 
     </span>
     <span class='ocr_line' id='line_1_13' title="bbox 269 2996 1597 3075; baseline -0.002 -15"><span class='ocrx_word' id='word_1_75' title='bbox 269 2998 354 3060; x_wconf 76' lang='lat' dir='ltr'><strong>‘O</strong></span> <span class='ocrx_word' id='word_1_76' title='bbox 380 3000 532 3060; x_wconf 77' lang='lat' dir='ltr'><strong>felix</strong></span> <span class='ocrx_word' id='word_1_77' title='bbox 562 3018 686 3058; x_wconf 88' lang='lat' dir='ltr'><strong>una</strong></span> <span class='ocrx_word' id='word_1_78' title='bbox 714 3008 859 3058; x_wconf 89' lang='lat' dir='ltr'><strong>ante</strong></span> <span class='ocrx_word' id='word_1_79' title='bbox 888 2997 1041 3058; x_wconf 89' lang='lat' dir='ltr'><strong>alias</strong></span> <span class='ocrx_word' id='word_1_80' title='bbox 1075 2997 1379 3057; x_wconf 69' lang='lat' dir='ltr'><strong>Priameia</strong></span> <span class='ocrx_word' id='word_1_81' title='bbox 1410 2996 1597 3075; x_wconf 79' lang='lat' dir='ltr'><strong>virge,</strong></span> 
     </span>
     <span class='ocr_line' id='line_1_14' title="bbox 271 3097 1929 3160; baseline 0.001 -2"><span class='ocrx_word' id='word_1_82' title='bbox 271 3101 555 3160; x_wconf 88' lang='lat' dir='ltr'><strong>hostilem</strong></span> <span class='ocrx_word' id='word_1_83' title='bbox 586 3099 668 3158; x_wconf 90' lang='lat' dir='ltr'><strong>ad</strong></span> <span class='ocrx_word' id='word_1_84' title='bbox 698 3099 999 3158; x_wconf 92' lang='lat' dir='ltr'><strong>tumulum</strong></span> <span class='ocrx_word' id='word_1_85' title='bbox 1030 3097 1256 3157; x_wconf 87' lang='lat' dir='ltr'><strong>Troiae</strong></span> <span class='ocrx_word' id='word_1_86' title='bbox 1286 3097 1403 3157; x_wconf 88' lang='lat' dir='ltr'><strong>sub</strong></span> <span class='ocrx_word' id='word_1_87' title='bbox 1435 3098 1757 3158; x_wconf 86' lang='lat' dir='ltr'><strong>moenibus</strong></span> <span class='ocrx_word' id='word_1_88' title='bbox 1787 3098 1929 3159; x_wconf 88' lang='lat' dir='ltr'><strong>altis</strong></span> 
     </span>
     <span class='ocr_line' id='line_1_15' title="bbox 271 3197 1751 3276; baseline -0.001 -19"><span class='ocrx_word' id='word_1_89' title='bbox 271 3199 435 3260; x_wconf 91' lang='lat' dir='ltr'><strong>iussa</strong></span> <span class='ocrx_word' id='word_1_90' title='bbox 464 3199 636 3273; x_wconf 89' lang='lat' dir='ltr'><strong>mori,</strong></span> <span class='ocrx_word' id='word_1_91' title='bbox 670 3218 830 3276; x_wconf 90' lang='lat' dir='ltr'><strong>quae</strong></span> <span class='ocrx_word' id='word_1_92' title='bbox 860 3197 1111 3259; x_wconf 87' lang='lat' dir='ltr'><strong>sortitus</strong></span> <span class='ocrx_word' id='word_1_93' title='bbox 1141 3217 1270 3257; x_wconf 91' lang='lat' dir='ltr'><strong>non</strong></span> <span class='ocrx_word' id='word_1_94' title='bbox 1299 3197 1549 3275; x_wconf 89' lang='lat' dir='ltr'><strong>pertulit</strong></span> <span class='ocrx_word' id='word_1_95' title='bbox 1579 3197 1751 3269; x_wconf 72' lang='lat' dir='ltr'><strong>ulloe,</strong></span> 
     </span>
     <span class='ocr_line' id='line_1_16' title="bbox 273 3296 1564 3376; baseline -0.002 -18"><span class='ocrx_word' id='word_1_96' title='bbox 273 3319 386 3361; x_wconf 90' lang='lat' dir='ltr'><strong>nec</strong></span> <span class='ocrx_word' id='word_1_97' title='bbox 414 3299 666 3361; x_wconf 87' lang='lat' dir='ltr'><strong>victoris</strong></span> <span class='ocrx_word' id='word_1_98' title='bbox 696 3299 783 3359; x_wconf 90' lang='lat' dir='ltr'><strong>eri</strong></span> <span class='ocrx_word' id='word_1_99' title='bbox 812 3298 1017 3376; x_wconf 87' lang='lat' dir='ltr'><strong>tetigit</strong></span> <span class='ocrx_word' id='word_1_100' title='bbox 1045 3296 1290 3375; x_wconf 88' lang='lat' dir='ltr'><strong>captiva</strong></span> <span class='ocrx_word' id='word_1_101' title='bbox 1321 3297 1525 3357; x_wconf 90' lang='lat' dir='ltr'><strong>cubile</strong></span> <span class='ocrx_word' id='word_1_102' title='bbox 1551 3301 1564 3356; x_wconf 75' lang='grc' dir='ltr'>Ι</span> 
     </span>
     <span class='ocr_line' id='line_1_17' title="bbox 275 3397 2364 3478; baseline -0.002 -18"><span class='ocrx_word' id='word_1_103' title='bbox 275 3401 422 3473; x_wconf 93' lang='lat' dir='ltr'><strong>Nos,</strong></span> <span class='ocrx_word' id='word_1_104' title='bbox 453 3400 653 3478; x_wconf 89' lang='lat' dir='ltr'><strong>patria</strong></span> <span class='ocrx_word' id='word_1_105' title='bbox 681 3400 957 3471; x_wconf 87' lang='lat' dir='ltr'><strong>incensa,</strong></span> <span class='ocrx_word' id='word_1_106' title='bbox 991 3397 1234 3458; x_wconf 85' lang='lat' dir='ltr'><strong>diversa</strong></span> <span class='ocrx_word' id='word_1_107' title='bbox 1263 3417 1374 3475; x_wconf 89' lang='lat' dir='ltr'><strong>per</strong></span> <span class='ocrx_word' id='word_1_108' title='bbox 1404 3415 1675 3474; x_wconf 90' lang='lat' dir='ltr'><strong>aequora</strong></span> <span class='ocrx_word' id='word_1_109' title='bbox 1703 3408 1935 3470; x_wconf 88' lang='lat' dir='ltr'><strong>vectae,</strong></span> <span class='ocrx_word' id='word_1_110' title='bbox 2269 3411 2364 3462; x_wconf 82' lang='lat'><strong>325</strong></span> 
     </span>
     <span class='ocr_line' id='line_1_18' title="bbox 274 3497 1881 3576; baseline -0.002 -17"><span class='ocrx_word' id='word_1_111' title='bbox 274 3500 479 3576; x_wconf 85' lang='lat' dir='ltr'><strong>stirpis</strong></span> <span class='ocrx_word' id='word_1_112' title='bbox 510 3499 831 3559; x_wconf 92' lang='lat' dir='ltr'><strong>Achilleae</strong></span> <span class='ocrx_word' id='word_1_113' title='bbox 860 3499 1060 3558; x_wconf 78' lang='lat' dir='ltr'><strong>fastus</strong></span> <span class='ocrx_word' id='word_1_114' title='bbox 1091 3498 1501 3574; x_wconf 87' lang='lat' dir='ltr'><strong>iuvenemque</strong></span> <span class='ocrx_word' id='word_1_115' title='bbox 1532 3497 1881 3573; x_wconf 89' lang='lat' dir='ltr'><strong>superbum,</strong></span> 
     </span>
     <span class='ocr_line' id='line_1_19' title="bbox 276 3596 1811 3675; baseline -0.002 -17"><span class='ocrx_word' id='word_1_116' title='bbox 276 3599 517 3659; x_wconf 88' lang='lat' dir='ltr'><strong>servitio</strong></span> <span class='ocrx_word' id='word_1_117' title='bbox 547 3599 785 3670; x_wconf 86' lang='lat' dir='ltr'><strong>enixae,</strong></span> <span class='ocrx_word' id='word_1_118' title='bbox 817 3596 1101 3658; x_wconf 86' lang='lat' dir='ltr'><strong>tulimus:</strong></span> <span class='ocrx_word' id='word_1_119' title='bbox 1148 3598 1252 3675; x_wconf 93' lang='lat' dir='ltr'><strong>qui</strong></span> <span class='ocrx_word' id='word_1_120' title='bbox 1282 3597 1529 3669; x_wconf 88' lang='lat' dir='ltr'><strong>deinde,</strong></span> <span class='ocrx_word' id='word_1_121' title='bbox 1563 3606 1811 3656; x_wconf 90' lang='lat' dir='ltr'><strong>secutus</strong></span> 
     </span>
     <span class='ocr_line' id='line_1_20' title="bbox 278 3696 2107 3774; baseline -0.001 -16"><span class='ocrx_word' id='word_1_122' title='bbox 278 3698 582 3758; x_wconf 89' lang='lat' dir='ltr'><strong>Ledaeam</strong></span> <span class='ocrx_word' id='word_1_123' title='bbox 614 3697 1002 3758; x_wconf 87' lang='lat' dir='ltr'><strong>Hermionen</strong></span> <span class='ocrx_word' id='word_1_124' title='bbox 1033 3696 1684 3772; x_wconf 89' lang='lat' dir='ltr'><strong>Lacedaemoniosque</strong></span> <span class='ocrx_word' id='word_1_125' title='bbox 1714 3696 2107 3774; x_wconf 80' lang='lat' dir='ltr'><strong>hymenanS,</strong></span> 
     </span>
     <span class='ocr_line' id='line_1_21' title="bbox 272 3794 2105 3874; baseline -0.001 -19"><span class='ocrx_word' id='word_1_126' title='bbox 272 3815 368 3857; x_wconf 90' lang='lat' dir='ltr'><strong>me</strong></span> <span class='ocrx_word' id='word_1_127' title='bbox 382 3798 608 3859; x_wconf 83' lang='lat' dir='ltr'><strong>famulo</strong></span> <span class='ocrx_word' id='word_1_128' title='bbox 635 3797 1058 3874; x_wconf 81' lang='lat' dir='ltr'><strong>famulamque</strong></span> <span class='ocrx_word' id='word_1_129' title='bbox 1091 3797 1337 3857; x_wconf 91' lang='lat' dir='ltr'><strong>Heleno</strong></span> <span class='ocrx_word' id='word_1_130' title='bbox 1367 3794 1708 3856; x_wconf 89' lang='lat' dir='ltr'><strong>transmisit</strong></span> <span class='ocrx_word' id='word_1_131' title='bbox 1736 3795 2105 3855; x_wconf 88' lang='lat' dir='ltr'><strong>habendam.</strong></span> 
     </span>
    </p>
   </div>
  </div>
 </body>
</html>
