2796 4287
451 288 474 333 1
496 272 572 333 18
1255 269 1386 329 The
1432 269 1709 331 AEneid.
2206 279 2398 344 [Boox
2436 282 2528 329 1v.

441 481 580 521 cum
608 459 857 540 gemitu,
891 469 1078 538 atque
1110 470 1276 520 atros
1307 460 1582 520 siccabat
1613 470 1783 521 veste
1814 479 2078 520 cruores.

443 562 575 634 Illa,
607 579 825 639 graves
855 560 1070 619 oculos
1101 569 1325 619 conata
1357 560 1653 632 attollere,
1689 579 1896 619 rursus

438 660 649 721 deficit
674 684 688 734 ;
736 660 989 719 infixum
1019 659 1220 720 stridit
1250 661 1365 719 sub
1395 669 1645 737 pectore
1675 658 1913 719 vulnus.

440 763 563 820 Ter
592 779 731 820 sese
762 761 1050 826 attollens
1081 760 1417 837 cubitoque
1448 760 1673 819 adnixa
1702 759 1961 833 levavit;
2433 778 2535 843 690

438 871 531 921 ter
559 861 838 921 revoluta
864 870 998 920 toro
1030 870 1142 934 est,
1175 860 1495 936 oculisque
1526 860 1870 919 errantibus
1901 859 2026 919 alto

439 959 742 1037 quaesivit
771 960 944 1019 caelo
975 960 1191 1034 lucem,
1226 958 1647 1036 ingemuitque
1678 968 1935 1035 reperta.

1110 1149 1322 1220 Desceiat
1348 1178 1400 1220 of
1428 1178 1534 1219 Iris.

522 1300 681 1356 Tum
715 1300 872 1358 Iuno
903 1298 1312 1375 omnipotens,
1346 1297 1596 1375 longum
1627 1297 1916 1357 miserata
1946 1299 2216 1358 dolorem

439 1397 826 1475 difficilisque
857 1398 1080 1470 obitus,
1118 1397 1264 1455 Irim
1295 1396 1544 1456 demisit
1573 1398 1855 1476 OlympO,

439 1516 597 1574 quae
626 1497 960 1557 luctantem
992 1496 1258 1555 animam
1289 1516 1605 1589 uexosque
1636 1498 1970 1558 resolveret
2000 1509 2183 1558 artus,
2429 1517 2530 1583 695

440 1600 602 1658 Nam
633 1596 778 1674 quia
806 1616 921 1657 nec
949 1597 1095 1670 fato,
1129 1596 1347 1656 merita
1376 1616 1492 1656 nec
1521 1606 1715 1657 morte
1744 1598 2003 1674 peribat,

438 1698 551 1758 sed
579 1697 803 1757 misera
834 1707 977 1756 ante
1008 1696 1190 1770 diem,
1225 1697 1555 1773 subitoque
1587 1717 1853 1757 accensa
1880 1700 2101 1771 furore,

436 1798 712 1858 nondum
742 1796 827 1856 illi
858 1797 1082 1857 flavum
1116 1797 1486 1875 Proserpina
1513 1798 1741 1857 vertice
1772 1798 2001 1858 crinem

437 1898 788 1971 abstulerat,
825 1897 1156 1976 Stygioque
1186 1907 1371 1975 caput
1402 1898 1797 1957 damnaverat
1827 1899 2005 1958 Orco,

439 2000 598 2075 Ergo
630 1998 747 2057 Iris
776 1998 1011 2057 croceis
1040 2016 1152 2074 per
1179 1998 1418 2056 caelum
1449 1997 1692 2057 roscida
1721 1998 1961 2074 penniS,
2427 2032 2527 2080 700

436 2098 597 2158 mille
629 2098 878 2160 trahens
907 2099 1107 2158 varios
1140 2099 1397 2158 adverso
1428 2098 1558 2158 sole
1590 2098 1846 2172 colore5‚

438 2201 695 2273 devolat,
730 2208 791 2259 et
821 2218 1005 2276 supra
1035 2207 1222 2277 caput
1252 2198 1527 2258 adstitit:
1573 2196 1587 2222 ‘
1612 2186 1815 2266 Huxic.
1833 2218 1948 2277 ego
1974 2198 2104 2259 Diti

435 2318 674 2358 sacrum
705 2297 873 2358 iussa
900 2299 1052 2372 fem,
1083 2307 1268 2376 teque
1300 2297 1422 2357 isto
1452 2318 1704 2376 corpore
1735 2279 1950 2358 solito!

439 2399 540 2459 Sic
571 2399 672 2471 ait,
705 2408 767 2457 et
797 2399 1010 2457 dextra
1039 2398 1269 2457 crinem
1300 2409 1504 2458 secat:
1550 2398 1748 2458 omnis
1779 2409 1840 2458 et
1870 2419 1993 2458 una

434 2497 712 2579 dilapsus
742 2496 923 2570 calor,
958 2505 1142 2572 atque
1174 2495 1236 2554 in
1266 2506 1484 2556 ventos
1513 2497 1642 2557 vita
1668 2497 1941 2558 recessit.
2425 2531 2522 2585 705
