2796 4287
350 364 622 434 613-678.]
1052 357 1115 421 T
1103 359 1186 421 lte
1243 358 1472 421 World
1513 357 1761 422 Below.

354 549 486 606 Nec
518 565 644 606 non
676 548 1001 609 Threicius
1031 549 1218 628 longa
1249 568 1387 608 cum
1419 558 1591 609 veste
1623 549 1913 609 sacerdos

350 646 704 724 obloquitur
734 648 1007 708 numeris
1037 658 1275 726 septem
1308 648 1666 708 discrimina
1696 667 1933 720 vocum,

351 746 594 823 iamque
626 746 845 806 eadem
878 747 1104 825 digitis,
1141 749 1262 808 iam
1294 749 1542 825 pectine
1574 748 1781 825 pulsat
1810 748 2066 808 eburno,

353 846 479 906 Hic
506 865 705 925 genus
737 846 1056 923 antiquum
1090 848 1331 920 Teucri,
1367 847 1780 925 pulcherrima
1807 848 2028 925 proles,

350 946 725 1025 magnanimi
757 947 993 1022 heroeS,
1030 947 1159 1008 nati
1193 948 1551 1008 melioribus
1582 948 1780 1020 annis,

352 1047 603 1124 Ilusque
633 1050 1100 1125 Assaracusque
1134 1057 1196 1108 et
1229 1048 1455 1107 Troiae
1491 1047 1822 1107 Dardanus
1852 1057 2079 1107 auctor.

350 1150 540 1207 Arma
568 1149 778 1225 procul
811 1167 1146 1226 currusque
1182 1148 1377 1208 virum
1411 1148 1662 1208 miratur
1691 1148 1926 1207 inanes,

351 1250 532 1308 Stant
560 1259 722 1308 terra
752 1249 989 1309 defixae
1023 1249 1255 1323 hastae,
1294 1248 1650 1326 passimque
1682 1247 1865 1307 soluti

347 1368 457 1425 per
486 1367 771 1426 campum
801 1359 1140 1426 pascuntur
1171 1349 1331 1427 equi.
1426 1349 1604 1423 Quae
1633 1348 1832 1426 gratia
1862 1366 2104 1407 currum

349 1467 776 1525 armorumque
807 1449 925 1510 fuit
955 1449 1129 1523 vivis,
1165 1470 1324 1528 quae
1357 1468 1505 1509 cura
1537 1448 1790 1508 nitentis

346 1567 602 1625 pascere
633 1567 846 1626 equos,
880 1549 1100 1609 eadem
1131 1550 1411 1627 sequitur
1443 1549 1660 1610 tellure
1693 1558 1992 1625 repostos·

431 1648 774 1726 Conspicit,
807 1668 971 1723 ecce,
1008 1650 1161 1710 alios
1192 1651 1409 1710 dextra
1444 1650 1743 1726 laevaque
1774 1667 1885 1725 per
1915 1647 2168 1708 herbam

346 1749 675 1822 vescentis,
710 1750 1061 1827 laetumque
1094 1751 1283 1810 choro
1315 1770 1557 1829 paeana
1589 1751 1869 1811 canentis

348 1848 508 1908 inter
536 1848 860 1908 odoratum
891 1849 1045 1908 lauri
1078 1869 1314 1923 nemuS,
1351 1853 1514 1911 unde
1550 1870 1813 1928 superne

348 1947 647 2024 plurimus
681 1948 930 2008 Eridani
962 1969 1071 2026 per
1101 1950 1319 2010 silvam
1350 1951 1614 2011 volvitur
1644 1950 1859 2011 amnis,

352 2047 478 2107 Hic
508 2066 728 2108 manus
758 2049 839 2108 ob
869 2049 1131 2126 patriam
1163 2052 1499 2128 pugnando
1534 2051 1783 2110 volnera
1813 2050 2001 2128 passi,

348 2148 577 2226 quique
609 2150 966 2210 sacerdotes
998 2151 1172 2225 casti,
1207 2152 1352 2210 dum
1385 2151 1512 2211 vita
1545 2154 1850 2226 manebat,

349 2248 578 2326 quique
610 2248 696 2326 pii
727 2259 900 2310 vates
932 2260 994 2309 et
1027 2251 1282 2311 Phoebo
1314 2252 1503 2330 digna
1532 2253 1737 2326 locuti,

349 2348 633 2409 inventas
665 2358 771 2409 aut
802 2349 908 2426 qui
940 2350 1127 2410 vitam
1159 2352 1480 2412 excoluere
1512 2373 1622 2430 per
1654 2363 1833 2428 artes»,

350 2448 581 2526 quique
612 2449 707 2507 sui
738 2467 1040 2510 memores
1073 2451 1228 2511 alios
1259 2452 1464 2512 fecere
1496 2454 1806 2526 merend0,

349 2547 638 2608 omnibus
667 2548 766 2608 his
796 2549 976 2610 nivea
1009 2550 1338 2629 cinguntur
1368 2562 1647 2630 tempora
1678 2553 1846 2613 vitta.

431 2649 610 2722 Quos
640 2648 1046 2710 circumfusos
1077 2651 1167 2711 sic
1198 2660 1294 2711 est
1325 2652 1537 2712 adfata
1569 2653 1818 2733 Sibylla,

352 2751 676 2808 Musaeum
709 2759 853 2809 ante
886 2769 1120 2824 omneS,
1156 2751 1428 2811 medium
1461 2772 1603 2812 nam
1637 2753 1897 2831 plurima
1933 2755 2112 2814 turba

348 2849 515 2908 hunc
544 2848 750 2922 habet,
785 2860 971 2927 atque
1004 2850 1228 2910 umeris
1262 2862 1609 2913 exstantem
1642 2853 1901 2931 suspicit
1930 2853 2071 2913 altis
2097 2877 2115 2913 τ

349 2945 364 2970 ‘
384 2948 606 3021 Dicite,
639 2949 854 3009 felices
886 2950 1147 3025 animae,
1182 2961 1391 3030 tuque,
1434 2953 1664 3031 optime
1696 2964 1887 3027 vateS,

349 3068 507 3125 quae
539 3049 708 3126 regio
740 3050 1073 3124 Anchisen,
1113 3052 1249 3129 quis
1280 3054 1469 3114 habet
1501 3054 1717 3115 locus?
1808 3055 1981 3114 Illius
2012 3073 2159 3132 ergo

347 3149 643 3222 venimus,
679 3159 741 3209 et
771 3168 1030 3229 magnos
1068 3153 1248 3213 Erebi
1283 3154 1739 3214 transnavimus
1772 3155 2026 3214 amnes)

350 3252 553 3325 Atque
584 3250 728 3310 huic
762 3270 1127 3329 responsum
1159 3254 1375 3330 paucis
1409 3255 1493 3315 ita
1523 3254 1791 3315 reddidit
1820 3256 2038 3315 heros:

349 3345 365 3372 ‘
385 3349 552 3408 Nulli
583 3360 751 3410 certa
784 3351 1036 3425 domus;
1086 3352 1239 3413 lucis
1273 3353 1624 3415 habitamus
1656 3355 1886 3433 opaciS,

347 3449 737 3527 riparumque
769 3460 938 3512 toros
967 3461 1030 3512 et
1058 3462 1235 3530 prata
1265 3455 1541 3514 recentia
1570 3455 1717 3516 rivis

346 3548 685 3611 incolimus.
782 3551 906 3611 Sed
938 3571 1066 3625 vos,
1100 3552 1151 3612 si
1182 3554 1303 3613 fert
1334 3554 1418 3614 ita
1448 3556 1633 3614 corde
1666 3556 1966 3628 voluntas,

343 3651 458 3711 hoc
488 3660 780 3729 superate
813 3651 1055 3730 iugum;
1103 3663 1165 3713 et
1193 3654 1362 3712 facili
1393 3655 1516 3713 iam
1547 3654 1787 3715 tramite
1819 3655 2071 3715 sistam!

343 3752 529 3826 Dixit,
567 3761 631 3813 et
663 3760 810 3811 ante
841 3752 980 3812 tulit
1008 3772 1304 3830 gressum,
1339 3774 1713 3832 camposque
1747 3754 1998 3814 nitentis

340 3852 606 3932 desuper
635 3860 943 3924 ostentat3
992 3852 1218 3912 dehinc
1249 3873 1488 3913 summa
1518 3855 1839 3914 cacumina
1871 3854 2172 3930 linquunt.

2348 1062 2449 1129 650

2345 3069 2444 3133 670
