2796 4287
404 287 525 349 142
1213 268 1347 331 lee
1392 267 1669 330 AEneid.
2085 345 2090 349 .
2199 274 2390 340 [Boon
2424 274 2494 326 v·

397 479 521 537 quo
550 478 703 537 puer
733 460 866 537 ipse
897 460 1101 532 mode,
1135 478 1346 518 secum
1378 477 1503 535 quo
1533 456 1722 518 Tr'oi'a
1749 459 1947 535 pubes
1971 480 1985 530 ;

397 560 627 620 Albani
657 560 922 619 docuere
953 578 1138 632 suos;
1185 557 1330 617 hinc
1361 558 1628 617 maxima
1657 577 1839 634 porro
2391 574 2494 625 600

396 660 635 738 accepit
667 662 884 732 Roma,
916 669 979 719 et
1008 658 1271 737 patrium
1303 657 1571 718 servavit
1601 658 1936 730 honorem3

404 763 704 837 Troiaque
734 779 901 818 nunc
928 758 1119 837 pueri,
1161 760 1483 818 Troianum
1513 757 1739 817 dicitur
1769 777 2006 834 agmen.

398 862 541 920 Hac
570 859 881 919 celebrata
909 868 1090 918 tenus
1122 868 1340 917 sancto
1373 857 1711 916 certamina
1740 858 1916 933 patri.

833 1040 938 1080 The
963 1039 1141 1090 Trajan
1169 1038 1383 1080 Women
1414 1040 1611 1080 Roused
1638 1039 1704 1090 by
1732 1040 1839 1079 Iris.

480 1160 605 1218 Hic
634 1159 895 1236 primum
925 1158 1173 1217 fortuna
1202 1159 1388 1218 fidem
1421 1168 1655 1217 mutata
1685 1157 1952 1218 novavit.

398 1261 562 1317 Dum
591 1258 778 1317 variis
807 1258 1043 1318 tumulo
1073 1259 1346 1319 referunt
1376 1257 1700 1318 sollemnia
1728 1256 1908 1330 ludis,
2388 1278 2488 1343 ⁶05

397 1359 542 1417 Irim
572 1360 650 1418 de
680 1358 854 1418 caelo
884 1357 1050 1417 misit
1084 1358 1370 1418 Saturnia
1403 1361 1562 1417 Iuno

396 1459 650 1518 Iliacam
683 1459 763 1518 ad
792 1458 1075 1532 classem,
1108 1468 1454 1536 ventosque
1486 1457 1762 1535 adspirat
1791 1458 1979 1530 eunti,

395 1559 586 1618 multa
614 1577 888 1631 movenS,
922 1559 1187 1617 necdum
1219 1558 1541 1635 antiquum
1572 1567 1848 1617 saturata
1877 1557 2169 1618 dolorem.

398 1658 529 1730 Illa,
562 1657 724 1718 viam
755 1659 1034 1717 celerans
1063 1676 1173 1735 per
1203 1658 1367 1717 mille
1400 1658 1711 1717 coloribus
1743 1676 1969 1730 arcum,

394 1757 545 1817 nulli
575 1758 708 1817 visa
737 1758 861 1818 cito
891 1757 1159 1818 decurrit
1189 1757 1434 1818 tramite
1464 1758 1653 1835 virge.
2385 1775 2484 1826 610

396 1857 715 1934 Conspicit
745 1856 1058 1935 ingentem
1089 1877 1476 1932 concursum,
1510 1868 1573 1917 et
1602 1858 1782 1918 litora
1809 1843 2045 1930 lustrat,

393 1960 796 2035 desertosque
826 1957 996 2017 videt
1024 1968 1240 2034 portus
1263 1958 1648 2035 classemque
1678 1957 1968 2017 relictam.

394 2062 479 2118 At
508 2058 721 2136 procul
752 2057 816 2115 in
847 2058 979 2116 sola
1010 2067 1283 2117 secretae
1314 2058 1595 2117 Troades
1627 2067 1766 2117 aeta

394 2160 688 2219 amissum
719 2157 1039 2218 Anchisen
1069 2159 1321 2232 flebant,
1355 2168 1738 2235 cunctaeque
1768 2159 2144 2235 profundum

391 2269 647 2337 pontum
680 2258 1127 2336 adspectabant
1156 2259 1395 2318 fientes,
1485 2257 1500 2282 ‘
1523 2261 1671 2318 Heu
1699 2268 1792 2318 tot
1819 2259 1979 2318 vada
2006 2258 2193 2318 fessis
2382 2276 2442 2326 61
2455 2291 2482 2342 5

391 2369 454 2418 et
483 2368 722 2418 tantum
754 2377 1078 2435 superesse
1109 2358 1292 2418 maris
1326 2359 1374 2417 l'
1420 2378 1540 2418 vox
1568 2358 1855 2418 omnibus
1887 2378 2025 2417 una.

392 2459 627 2518 Urbem
657 2468 834 2517 orant
860 2481 873 2531 ;
921 2458 1131 2517 taedet
1160 2457 1365 2536 pelagi
1394 2458 1663 2535 perferre
1694 2458 1983 2518 laborem.

393 2561 553 2636 Ergo
584 2558 744 2617 inter
773 2557 1009 2617 medias
1040 2577 1179 2617 sese
1209 2558 1375 2617 haud
1407 2557 1620 2636 ignara
1649 2558 1917 2617 nocendi

391 2657 634 2730 conicit,
668 2666 730 2716 et
758 2656 1105 2733 faciemque
1136 2657 1291 2717 deae
1321 2667 1680 2736 vestemque
1708 2658 1984 2735 reponit;

388 2759 457 2816 fit
490 2760 700 2830 Beroe,
733 2756 964 2815 Tmarii
994 2757 1262 2816 coniunx
1290 2757 1591 2835 longaeva
1622 2757 1890 2836 Dorycli,
2382 2777 2481 2827 620

390 2857 490 2916 cui
518 2876 715 2934 genus
746 2866 807 2916 et
836 2857 1148 2933 quondam
1179 2876 1405 2916 nomen
1439 2857 1692 2934 natique
1721 2856 2018 2930 fuissent3

391 2977 461 3016 ac
492 2957 582 3016 sic
613 2956 1039 3016 Dardanidum
1069 2957 1337 3017 mediam·
1367 2977 1434 3016 se
1465 2957 1760 3018 matribus
1792 2958 2002 3017 infert:

472 3056 559 3118 ‘O
589 3056 868 3131 miserae,
902 3076 1056 3133 quas
1086 3077 1213 3116 non
1243 3077 1463 3116 manus
1487 3057 1501 3083 '
1548 3056 1747 3134 inquit
1780 3066 1794 3092 ‘
1815 3059 2091 3117 Achaica
2120 3059 2283 3119 bello

386 3158 637 3218 traxerit
668 3157 748 3216 ad
776 3158 964 3218 letum
995 3156 1230 3233 patriae
1254 3158 1369 3217 sub
1394 3158 1718 3217 moenibus
1746 3162 1759 3216 1
1850 3159 1905 3216 O
1934 3177 2089 3234 gens

387 3257 617 3331 infelix,
651 3257 749 3316 cui
779 3267 840 3317 te
871 3256 1057 3317 exitio
1090 3259 1364 3316 Fortuna
1386 3261 1694 3318 reservat?
2379 3275 2443 3325 62
2452 3287 2480 3341 5

391 3359 684 3435 Septuma
711 3367 854 3435 post
883 3356 1107 3418 Troiae
1137 3357 1478 3417 exscidium
1508 3357 1629 3416 iam
1660 3358 1915 3418 vertitur
1939 3368 2162 3431 aestaS‚

387 3477 527 3518 cum
568 3459 745 3531 freta,
779 3476 919 3518 cum
948 3468 1142 3517 terras
1172 3477 1406 3531 omnes,
1439 3467 1532 3517 tot
1561 3457 1876 3536 inhospita
1905 3477 2053 3518 saxa

385 3557 712 3634 sideraque
742 3575 1032 3616 emensae
1062 3555 1330 3630 ferimur,
1363 3557 1514 3617 dum
1542 3576 1653 3635 per
1681 3576 1847 3617 mare
1879 3577 2170 3635 magnum

387 3657 633 3718 Italiam
665 3656 978 3735 sequimur
1004 3655 1362 3734 fugientem,
1396 3666 1459 3716 et
1488 3657 1789 3717 volvimur
1819 3656 2022 3717 undis,

388 3757 513 3816 Hic
545 3755 755 3836 Erycis
784 3758 941 3816 fines
970 3755 1242 3831 fraterni,
1277 3766 1464 3833 atque
1494 3757 1725 3832 hospes
1755 3759 2053 3816 Acestes:
2378 3774 2480 3843 ⁶30
