2796 4287
407 332 531 397 140
1118 274 1122 279 ’
1213 314 1347 379 lee
1391 316 1670 380 AEneid.

480 506 497 532 ‘
517 509 719 583 Sume,
751 517 963 586 pater;
1010 526 1155 567 nam
1185 516 1247 568 te
1277 506 1472 567 voluit
1501 525 1608 567 rex
1638 526 1897 586 magnus
1929 507 2174 588 Olympi

397 608 626 669 talibus
658 607 952 687 auspiciis
983 617 1289 669 exsortem
1320 609 1548 667 ducere
1579 609 1865 668 honores,

401 708 606 787 Ipsius
636 708 954 770 Anchisae
985 708 1269 786 longaevi
1299 709 1421 768 hoc
1451 728 1675 768 munus
1705 708 1985 783 habebis,

394 795 634 870 cratera
662 808 1027 888 impressum
1059 808 1270 887 signis,
1304 828 1490 886 quem
1520 808 1825 869 Thracius
1857 808 2003 868 olim

398 910 713 971 Anchisae
742 908 1005 987 genitori
1036 907 1100 968 in
1130 928 1356 987 magno
1385 928 1637 969 munere
1670 909 1927 970 Cisseus

396 1012 556 1070 ferre
587 1010 683 1070 sui
712 1010 970 1070 dederat
999 1019 1468 1069 monumentum
1498 1019 1561 1069 et
1589 1009 1814 1088 pignus
1846 1010 2110 1070 amoris!

402 1110 503 1171 Sic
530 1111 698 1170 fatus
728 1110 918 1188 cingit
947 1110 1240 1170 viridanti
1268 1121 1546 1188 tempora
1577 1110 1764 1185 laur0,

398 1220 461 1271 et
489 1210 750 1288 primum
783 1220 928 1271 ante
958 1230 1173 1271 omnes
1203 1210 1500 1271 victorem
1529 1211 1800 1289 appellat
1830 1213 2120 1270 Acesten.

401 1313 535 1371 Nec
563 1312 765 1371 bonus
797 1311 1092 1390 Eurytion
1121 1311 1398 1389 praelato
1430 1310 1650 1371 invidit
1681 1310 1917 1383 honori,

399 1411 680 1488 quamvis
710 1412 880 1470 solus
911 1431 1085 1470 avem
1118 1411 1293 1471 caelo
1321 1409 1550 1471 deiecit
1579 1412 1658 1471 ab
1690 1412 1834 1471 alto,

401 1510 720 1570 Proximus
751 1511 1089 1589 ingreditur
1118 1511 1317 1585 donis,
1351 1511 1458 1589 qui
1487 1511 1734 1570 vincula
1761 1511 1961 1589 rupit;

398 1620 723 1685 extremuS,
755 1611 986 1671 volucri
1018 1611 1123 1690 qui
1153 1611 1284 1671 fixit
1312 1610 1613 1670 arundine
1645 1610 1888 1670 malum.

940 1770 1045 1834 The
1071 1792 1363 1845 Equestrian
1391 1793 1559 1834 Game.

483 1915 568 1972 At
594 1921 771 1991 pater
800 1915 1066 1985 AeneaS,
1101 1912 1377 1971 nondum
1408 1911 1743 1971 certamine
1773 1912 1978 1985 ῐῐιίεεο,

398 2013 721 2072 custodem
751 2012 830 2072 ad
861 2031 1000 2071 sese
1030 2010 1439 2087 comitemque
1471 2011 1738 2089 impubis
1772 2011 1889 2070 Iuli

402 2111 711 2192 Epytiden
739 2121 937 2187 vocat,
971 2121 1034 2173 et
1062 2112 1249 2172 fidam
1280 2111 1369 2172 sic
1398 2112 1562 2171 fatur
1591 2112 1671 2172 ad
1702 2130 1909 2172 aurem
1937 2135 1949 2172 :

399 2211 414 2236 “
434 2213 612 2272 Vade
643 2230 775 2290 age,
802 2221 865 2273 et
895 2212 1186 2287 Ascani0,
1214 2212 1266 2272 si
1296 2213 1419 2271 iam
1448 2213 1681 2291 puerile
1711 2223 1990 2290 paratum

400 2331 619 2391 agmen
648 2312 839 2373 habet
866 2332 1094 2387 secum,
1128 2332 1468 2390 cursusque
1498 2312 1783 2372 instruxit
1811 2332 2124 2390 equorum,

400 2414 585 2473 ducat
615 2432 731 2475 avo
759 2422 1009 2481 turmas,
1037 2422 1098 2472 et
1128 2432 1266 2473 sese
1296 2414 1589 2473 ostendat
1619 2413 1681 2472 in
1715 2413 1916 2485 armis»,

399 2512 499 2573 dic
519 2515 535 2542 '
566 2512 668 2573 ait.
758 2516 904 2591 Ipse
934 2532 1181 2572 omnem
1212 2513 1395 2591 longo
1426 2513 1726 2573 decedere
1756 2513 1920 2573 circo

398 2613 672 2672 infusum
701 2613 1013 2691 populum,
1047 2622 1110 2672 et
1138 2632 1390 2690 campos
1420 2613 1594 2673 iubet
1623 2632 1760 2674 esse
1791 2623 2093 2690 patentes,

483 2713 795 2773 Incedunt
823 2712 1013 2790 pueri,
1046 2712 1396 2790 pariterque
1422 2722 1565 2774 ante
1594 2732 1703 2773 ora
1730 2723 2052 2791 parentum

396 2812 655 2873 frenatis
685 2812 893 2872 lucent
922 2812 985 2871 in
1016 2813 1210 2891 equis,
1246 2833 1403 2891 quos
1434 2813 1634 2874 omnis
1662 2823 1880 2875 euntes

399 2913 753 2973 Trinacriae
782 2912 1001 2973 mirata
1029 2913 1235 2973 fremit
1264 2912 1611 2990 Troiaeque
1642 2913 1945 2973 iuventus.

400 3013 704 3073 Omnibus
736 3012 800 3072 in
830 3032 1061 3073 morem
1091 3023 1275 3073 tonsa
1305 3032 1482 3073 coma
1510 3033 1725 3090 pressa
1755 3032 2015 3073 corona:

398 3132 623 3173 cornea
651 3112 800 3174 bina
826 3114 1035 3173 ferunt
1063 3115 1334 3191 praefixa
1364 3113 1612 3173 hastilia
1640 3114 1802 3174 ferro
1827 3136 1840 3173 ε

398 3232 539 3291 pars
570 3212 724 3273 levis
755 3232 964 3273 umero
995 3214 1348 3291 pharetras3
1396 3213 1445 3272 it
1472 3224 1719 3292 pectore
1750 3233 1989 3274 summo

398 3313 618 3374 flexilis
646 3313 874 3374 obtorti
904 3332 1014 3391 per
1044 3314 1269 3374 collum
1300 3312 1565 3374 circulus
1596 3314 1743 3375 auri.

397 3414 553 3474 Tres
582 3412 857 3491 equitum
885 3433 1138 3474 numero
1168 3424 1404 3474 turmae
1436 3414 1715 3492 ternique
1745 3424 2045 3492 vagantur

397 3514 721 3575 ductores:
766 3514 939 3592 pueri
969 3514 1067 3574 bis
1098 3514 1232 3574 seni
1264 3532 1572 3592 quemque
1602 3514 1798 3576 secuti

397 3613 640 3693 agmine
669 3612 895 3691 partito
924 3615 1165 3692 fulgent
1187 3614 1565 3692 paribusque
1595 3615 1918 3693 magistris.

396 3715 543 3774 Una
573 3713 739 3774 acies
769 3713 1075 3788 iuvenum,
1103 3714 1273 3774 ducit
1304 3733 1489 3792 quam
1519 3735 1744 3793 parvus
1774 3725 2058 3775 ovantem

393 3833 623 3874 nomen
654 3814 751 3874 avi
782 3813 1057 3873 referens
1089 3812 1484 3887 Priamus‚—
1506 3825 1611 3875 tua
1663 3814 1842 3888 clara,
1879 3814 2095 3889 Polite,

2198 327 2388 394 [Boox
2425 329 2490 378 V.

2397 739 2457 792 53
2464 739 2491 791 5

2393 1240 2495 1298 540

2394 1942 2489 1996 545

2392 2441 2491 2498 550

2392 2927 2489 2982 555
