2796 4287
255 299 409 369 1-61.]
775 294 840 357 Τ
828 295 910 359 lte
958 296 1390 382 Wanden'ngs
1436 298 1521 381 qs
1555 297 1834 363 AEneas.

253 483 495 559 vellitur,
526 484 683 546 huic
717 495 850 547 atro
879 485 1191 565 liquuntur
1220 488 1521 566 sanguine
1548 497 1775 567 guttae,

251 593 307 642 et
329 593 550 644 terram
580 586 737 645 tabo
766 588 1091 647 maculant.
1183 587 1342 646 Mihi
1370 588 1634 667 frigidus
1663 589 1874 649 horror

252 685 514 744 membra
544 686 768 763 quatit,
800 686 1166 765 gelidusque
1195 688 1320 749 coit
1345 689 1675 749 formidine
1706 688 1978 768 sanguis,

253 786 478 846 Rursus
509 795 574 846 et
605 786 863 846 alterius
893 787 1123 848 lentum
1153 788 1497 849 convellere
1528 789 1732 850 vimen

251 884 545 963 insequor,
581 896 650 947 et
679 905 901 946 causas
929 887 1174 964 penitus
1202 897 1501 965 temptare
1533 889 1811 949 latentis:

251 995 368 1046 ater
388 998 451 1048 et
480 987 741 1048 alterius
773 986 1046 1063 sequitur
1076 988 1153 1047 de
1184 988 1410 1048 cortice
1442 988 1709 1067 sanguis.

253 1086 439 1147 Multa
467 1108 734 1149 movens
764 1088 971 1148 animo
1001 1089 1304 1167 nymphas
1333 1089 1669 1149 venerabar
1700 1089 1957 1167 agrestis

251 1187 709 1267 Gradivumque
740 1198 994 1266 patrem,
1029 1188 1265 1248 Geticis
1295 1189 1403 1266 qui
1434 1188 1742 1266 praesidet
1772 1188 1949 1263 arvis»,

249 1286 351 1347 rite
379 1291 801 1350 secundarent
828 1289 998 1349 visus
1027 1308 1333 1366 omenque
1364 1291 1653 1350 levarent.

251 1387 446 1448 Tertia
475 1391 592 1450 sed
624 1397 953 1467 postquam
984 1388 1212 1449 maiore
1241 1389 1490 1449 hastilia
1520 1389 1658 1449 nisu

253 1487 584 1566 adgredior,
618 1489 1008 1567 genibusque
1039 1490 1334 1550 adversae
1365 1489 1642 1549 obluctor
1674 1508 1996 1550 arenae-

252 1588 508 1665 eloquar,
543 1609 630 1649 an
661 1588 1294 1666 sileam?—gemitus
1325 1588 1721 1648 lacrimabilis
1751 1589 1873 1649 imo

254 1688 482 1748 auditur
511 1690 769 1761 tumulo,
804 1698 865 1749 et
895 1708 1012 1749 vox
1040 1688 1281 1750 reddita
1306 1689 1500 1749 fertur
1530 1690 1610 1748 ad
1639 1688 1835 1748 auris:

255 1783 437 1860 ‘Quid
464 1790 782 1862 miserum,
818 1790 1048 1861 Aenea,
1082 1789 1349 1849 laceras?
1438 1790 1572 1847 Iam
1603 1807 1784 1865 parce
1816 1789 2088 1864 sepulto;

254 1904 422 1961 parce
453 1890 596 1967 pias
627 1891 926 1949 scelerare
957 1891 1192 1948 manus.
1284 1890 1343 1947 N
1345 1907 1427 1948 on
1458 1907 1555 1949 me
1587 1888 1698 1948 tibi
1728 1875 1914 1948 Troia

255 1997 563 2049 externum
594 1989 749 2061 tulit,
784 1998 890 2049 aut
918 2007 1095 2048 cruor
1122 1988 1223 2047 hic
1253 1988 1333 2048 de
1363 1988 1570 2066 stipite
1600 1997 1823 2048 manat.

261 2086 407 2163 Heu,
437 2090 592 2167 fuge
623 2088 889 2149 crudelis
920 2099 1128 2161 terras,
1160 2088 1308 2166 fuge
1339 2088 1483 2148 litus
1513 2107 1797 2149 avarum:

258 2206 385 2248 nam
415 2190 761 2269 Polydorus
792 2208 940 2267 ego3
987 2188 1087 2248 hic
1117 2189 1424 2248 confixum
1454 2189 1655 2249 ferrea
1681 2190 1833 2250 texit

257 2289 501 2350 telorum
534 2308 714 2367 seges
743 2299 806 2350 et
835 2288 1050 2349 iaculis
1080 2289 1336 2349 increvit
1366 2289 1602 2349 acutis)

330 2389 489 2449 Tum
522 2409 667 2449 vero
697 2388 950 2466 ancipiti
980 2399 1246 2448 mentem
1275 2389 1605 2450 formidine
1635 2409 1884 2467 pressus

257 2488 534 2567 obstipui,
567 2498 988 2566 steteruntque
1020 2506 1231 2548 comae
1261 2497 1323 2549 et
1352 2509 1470 2549 vox
1498 2489 1784 2550 faucibus
1811 2490 2027 2551 haesit.

262 2587 435 2650 Hunc
468 2590 839 2668 Polydorum
872 2588 1002 2648 auri
1034 2589 1344 2666 quondam
1377 2608 1515 2648 cum
1547 2591 1818 2666 pondere
1847 2609 2072 2668 magno

258 2686 457 2749 infelix
489 2689 769 2749 Priamus
796 2688 1007 2749 furtim
1038 2689 1359 2749 mandarat
1389 2691 1675 2749 alendum

258 2788 534 2850 Threicio
562 2789 710 2867 regi,
743 2807 883 2848 cum
914 2788 1032 2848 iam
1066 2788 1369 2850 diffideret
1400 2790 1583 2849 armis

261 2888 618 2963 Dardaniae,
650 2889 938 2967 cingique
969 2889 1182 2949 urbem
1212 2889 1534 2950 obsidione
1565 2890 1814 2952 videret.

261 2988 378 3064 Ille,
411 3000 480 3050 ut
506 3009 659 3067 opes
686 2990 918 3049 fractae
950 2991 1272 3061 Teucrum,
1305 2999 1367 3050 et
1395 2990 1641 3051 fortuna
1669 2991 1936 3064 recessit,

260 3106 344 3148 res
372 3089 897 3168 Agamemnonias
929 3089 1324 3167 victriciaque
1356 3109 1526 3150 arma
1556 3101 1819 3164 secutuS,

261 3188 344 3248 fas
370 3209 553 3250 omne
585 3189 927 3267 abrumpit;
978 3191 1343 3269 Polydorum
1375 3191 1716 3264 obtruncat,
1750 3201 1813 3251 et
1842 3210 1989 3251 auro

259 3287 311 3346 vi
338 3290 581 3366 potitur.
670 3289 842 3364 Quid
874 3309 999 3349 non
1028 3290 1308 3350 mortalia
1338 3300 1587 3367 pectora
1616 3291 1802 3369 cogiS,

261 3389 378 3448 auri
408 3409 584 3449 sacra
611 3390 846 3450 fames?
937 3392 1271 3468 Postquam
1302 3410 1493 3467 pavor
1521 3409 1666 3450 ossa
1694 3390 1955 3468 reliquit,

259 3488 519 3551 delectos
548 3490 761 3568 populi
794 3490 873 3549 ad
904 3508 1188 3567 proceres
1218 3491 1604 3567 primumque
1636 3501 1952 3568 parentem

259 3600 520 3651 monstra
548 3592 732 3652 deum
764 3590 982 3663 referO,
1016 3600 1079 3650 et
1107 3609 1265 3667 quae
1296 3592 1376 3651 sit
1406 3591 1711 3652 sententia
1740 3610 1947 3669 posco·

240 3689 553 3759 „Omnibus
583 3691 746 3753 idem
780 3689 1039 3763 animus,
1076 3692 1371 3753 scelerata
1400 3692 1694 3752 excedere
1724 3699 1899 3764 terra,

261 3788 444 3865 linqui
472 3791 773 3867 pollutum
803 3787 1157 3867 hospitium,
1191 3799 1253 3849 et
1281 3790 1428 3851 dare
1457 3790 1758 3849 classibus
1789 3799 2045 3849 austros.

2280 703 2345 757 30

2281 1202 2344 1256 35

2277 1702 2342 1751 40

2273 2202 2341 2257 45

2282 2704 2343 2757 50

2282 3202 2343 3256 55
