2796 4287
392 317 477 390 52
1048 372 1050 374 ,
1204 305 1340 369 The
1384 304 1662 369 AEneid.

1202 528 1433 580 Pyrrhum

2187 316 2378 380 [Boot
2401 319 2475 369 11.

471 630 864 690 Vestibulum
896 639 1038 689 ante
1070 630 1270 707 ipsum
1301 629 1620 707 primoque
1652 629 1714 688 in
1747 628 1955 697 limine
1987 631 2253 710 Pyrrhus

388 730 674 803 exsultat,
707 730 846 790 telis
877 740 940 790 et
969 730 1105 790 luce
1136 748 1428 790 coruscus
1460 734 1650 802 aena3

389 830 590 907 qualis
621 830 727 890 ubi
757 830 820 889 in
852 830 1051 889 lucem
1081 830 1333 889 coluber
1362 829 1524 888 mala
1551 828 1831 907 gramina
1859 841 2076 907 pastus

385 931 613 1008 frigida
644 932 759 990 sub
790 939 951 990 terra
980 930 1282 990 tumidum
1314 948 1496 1007 quem
1527 929 1745 989 bruma
1775 931 2041 1008 tegebat,

387 1049 571 1104 nune,
604 1029 825 1107 positis
856 1049 1055 1089 novus
1085 1028 1319 1089 exuviis
1350 1028 1707 1107 nitidusque
1737 1029 2004 1103 iuventa,

387 1130 624 1190 lubrica
652 1129 963 1190 convolvit
999 1130 1248 1189 sublato
1276 1138 1529 1206 pectore
1559 1138 1732 1207 terga

388 1231 617 1289 arduus
646 1230 728 1290 ad
756 1231 968 1301 solem,
1001 1238 1065 1288 et
1095 1229 1324 1307 linguis,
1350 1229 1537 1289 micat
1566 1248 1671 1289 ore
1700 1230 1985 1290 trisulciS.

387 1332 532 1390 Una
563 1330 781 1407 ingens
814 1329 1112 1407 Periphas
1142 1339 1205 1389 et
1235 1348 1533 1406 equorum
1564 1329 1827 1407 agitator
1858 1330 2136 1404 Achillis,

386 1431 648 1507 armiger
678 1430 1092 1502 Automedon,
1125 1448 1250 1489 una
1279 1429 1482 1491 omnis
1516 1429 1727 1509 Scyria
1755 1429 1953 1507 pubes

386 1530 730 1590 succedunt
759 1538 946 1603 tecto,
979 1539 1042 1589 et
1070 1529 1352 1588 flammas
1383 1529 1464 1588 ad
1494 1529 1762 1588 culmina
1791 1529 2040 1589 iactant.

388 1632 534 1707 Ipse
565 1630 725 1688 inter
753 1629 986 1707 primos
1016 1637 1299 1706 correpta
1329 1628 1483 1688 dura
1512 1628 1769 1706 bipenni

386 1729 598 1788 limina
626 1728 981 1806 perrumpit,
1014 1727 1338 1806 postisque
1369 1747 1407 1786 a
1438 1728 1689 1787 cardine
1721 1728 1891 1788 vellit
1923 1743 1929 1751 ·

386 1838 629 1888 aeratos
653 1852 668 1902 3
712 1828 957 1905 iamque
988 1828 1197 1888 excisa
1225 1829 1401 1888 trabe
1430 1828 1606 1887 firma
1635 1829 1876 1887 cavavit

385 1930 625 2001 robora,
658 1937 722 1987 et
749 1928 1062 2006 ingentem
1094 1928 1219 1988 lato
1249 1927 1425 1988 dedit
1454 1947 1560 1988 ore
1588 1929 1941 1989 fenestram.

385 2030 664 2106 Adparet
694 2029 914 2089 domus
944 2028 1130 2102 intuS,
1163 2038 1227 2088 et
1257 2028 1415 2088 atria
1445 2029 1631 2106 longa
1658 2038 2022 2105 patescunt;

385 2130 686 2208 adparent
718 2128 944 2189 Priami
975 2138 1037 2189 et
1067 2137 1343 2189 veterum
1372 2127 1715 2207 penetralia
1744 2147 1972 2207 regum,

384 2232 777 2299 armatosque
807 2222 1021 2282 vident
1050 2221 1273 2282 stantis
1304 2221 1367 2280 in
1398 2222 1607 2280 limine
1636 2220 1853 2299 primo·

979 2403 1085 2444 ‘rho
1110 2402 1283 2444 Terror
1308 2401 1521 2443 within.

468 2508 554 2565 At
583 2505 803 2565 domus
833 2504 1086 2564 interior
1113 2502 1347 2581 gemitu
1380 2503 1729 2581 miseroque
1760 2504 2023 2564 tumultu

383 2605 692 2679 miscetur,
722 2603 1098 2682 penitusque
1128 2621 1319 2663 cavae
1350 2603 1753 2681 plangoribus
1786 2605 1975 2664 aedes

383 2704 668 2766 femineis
698 2704 971 2776 ululant3
1017 2703 1161 2764 ferit
1191 2721 1377 2762 aurea
1407 2702 1611 2763 sidera
1642 2702 1887 2763 clamor.

383 2807 545 2865 Tum
573 2803 834 2882 pavidae
865 2802 1048 2863 tectis
1079 2812 1306 2862 matres
1338 2801 1695 2879 ingentibus
1727 2812 1948 2877 errant,

385 2905 826 2981 amplexaeque
855 2911 1073 2962 tenent
1101 2901 1302 2980 postis
1333 2912 1519 2979 atque
1551 2903 1764 2962 oscula
1793 2903 2003 2981 figunt.

386 3007 589 3064 Instat
617 3003 677 3063 vi
706 3001 905 3079 patria
936 3002 1240 3081 Pyrrhus3
1286 3020 1404 3061 nec
1433 3002 1718 3074 claustra,
1752 3021 1955 3080 neque
1986 3001 2106 3081 ipsi

384 3103 676 3164 custodes
706 3101 960 3161 sufferre
990 3102 1233 3175 valent3
1278 3101 1449 3161 labat
1479 3101 1668 3162 ariete
1699 3101 1914 3161 crebro

384 3203 586 3276 ianua,
613 3210 676 3261 et
705 3201 893 3261 emoti
923 3201 1333 3278 procumbunt
1364 3200 1617 3261 cardine
1647 3211 1878 3280 posteS.

386 3303 484 3363 Fit
514 3302 613 3361 via
642 3301 738 3373 vi3
784 3311 1076 3378 rumpunt
1106 3292 1329 3374 aditus,
1362 3301 1719 3378 primosque
1749 3302 2063 3362 trucidant

384 3401 644 3462 immissi
677 3401 897 3475 Danai,
931 3410 994 3461 et
1025 3401 1145 3461 late
1177 3402 1315 3461 loca
1343 3402 1537 3461 milite
1570 3402 1899 3480 complent.

386 3505 530 3562 Non
562 3501 669 3575 sie,
695 3500 1021 3580 aggeribus
1050 3502 1245 3580 ruptis
1276 3520 1416 3561 cum
1447 3502 1740 3579 spumeus
1779 3502 1978 3562 amnis

384 3601 547 3674 exiit,
583 3601 1027 3678 oppositasque
1059 3600 1243 3660 evicit
1271 3589 1511 3679 gurgite
1544 3602 1757 3675 moles,

383 3701 575 3760 fertur
606 3699 669 3758 in
702 3718 847 3759 arva
875 3700 1088 3759 furens
1118 3701 1382 3774 cumulo,
1419 3720 1795 3779 camposque
1824 3720 1936 3779 per
1966 3701 2167 3762 omnis

385 3818 527 3860 cum
558 3798 820 3859 stabulis
851 3809 1127 3859 armenta
1156 3799 1360 3862 trahit.
1451 3800 1599 3860 Vidi
1629 3800 1764 3879 ipse
1794 3801 2102 3860 furentem

2379 745 2478 793 470

2378 1244 2476 1297 475

2376 1728 2476 1791 480

2375 2221 2477 2289 485

2376 2870 2481 2969 496

2376 3417 2479 3472 495
