2796 4287
252 299 506 369 637-686·]
1066 293 1242 355 Dido
1289 295 1434 356 and
1475 294 1752 356 AEneas.
2256 310 2279 355 1
2302 307 2379 372 17

249 482 502 542 culmina
526 503 788 561 perque
824 483 1157 542 hominum
1187 485 1513 545 volvantur
1541 505 1771 564 perque
1803 485 2075 544 deorum.

319 584 533 644 Audiit
567 583 934 655 exanimiS‚
969 584 1331 662 trepidoque
1362 585 1651 644 exterrita
1681 604 1864 643 cursu

247 684 545 759 unguibus
578 704 701 743 ora
737 702 939 742 soror
967 683 1230 744 foedans
1261 695 1323 744 et
1352 694 1606 762 pectora
1636 685 1859 762 pugnis

244 800 341 855 per
369 784 619 845 medios
655 784 815 856 ruit,
856 800 940 840 ac
969 784 1327 844 morientem
1360 785 1608 843 nomine
1639 785 1862 845 clamat
1892 809 1904 845 ε

244 877 408 942 ‘Hoc
440 883 623 958 illud,
659 902 1006 962 germana,
1039 883 1190 944 fuit?
1268 886 1373 943 Me
1406 885 1622 943 fraude
1653 886 1956 961 petebas?
2281 901 2341 962 67
2352 916 2377 971 5

248 981 376 1039 Hoc
405 1002 600 1060 rogus
636 984 772 1044 iste
813 980 992 1053 mihi,
1025 983 1140 1043 hoc
1172 983 1349 1061 ignes
1382 1003 1646 1061 araeque
1677 985 2024 1061 parabant?

1077 2724 1253 2765 Dum-u
1279 2735 1336 2764 οι*
1362 2724 1502 2765 Dmo.

270 2894 430 2968 Quid
460 2893 729 2972 primum
760 2890 1004 2949 deserta
1037 2893 1297 2966 querar?
1388 2889 1775 2949 Comitemne
1809 2909 2079 2950 sororem

271 2993 551 3071 sprevisti
583 2989 895 3049 moriens?
987 2989 1221 3048 Eadem
1253 3008 1348 3047 me
1382 2987 1462 3046 ad
1491 2989 1621 3045 fata
1651 3008 1944 3049 vocasses
1971 3015 1983 3061 3

199 3124 203 3130 ·
271 3093 424 3154 idem
449 3093 673 3153 ambas
702 3090 866 3148 ferro
897 3087 1090 3161 dolor,
1126 3097 1310 3164 atque
1341 3089 1559 3146 eadem
1589 3088 1742 3146 hora
1771 3088 2031 3149 tulisset.

276 3196 387 3254 His
418 3194 611 3255 etiam
643 3189 835 3249 struxi
867 3188 1172 3260 manibuS,
1206 3187 1563 3264 patriosque
1597 3189 1809 3247 vocavi
2263 3202 2361 3252 680

273 3315 414 3355 voce
446 3295 622 3365 deos,
658 3289 748 3349 sic
778 3298 837 3347 te
870 3298 935 3346 ut
966 3287 1170 3365 posita
1201 3287 1468 3345 crudelis
1503 3288 1820 3348 abessem?

276 3391 576 3455 Exstinxti
607 3401 670 3451 te
702 3408 940 3465 meque,
976 3406 1162 3460 soror,
1198 3388 1617 3464 populumque
1649 3398 1980 3465 patresque

277 3494 558 3554 Sidonios
590 3489 928 3564 urbemque
960 3499 1143 3547 tuam.
1236 3490 1396 3546 Date
1430 3487 1681 3546 volnera
1710 3488 1974 3567 lymphis

274 3594 529 3665 abluam,
566 3600 630 3649 et
663 3596 969 3647 extremus
1001 3588 1051 3647 si
1084 3589 1221 3665 quis
1253 3606 1440 3663 super
1469 3588 1696 3646 halitus
1728 3597 1904 3660 errat,

274 3713 371 3753 ore
400 3690 648 3770 legam.'
744 3687 843 3746 Sic
870 3687 1017 3760 fata,
1049 3687 1275 3766 gradus
1308 3697 1589 3746 evaserat
1621 3688 1796 3760 altos,
2268 3700 2365 3767 685

275 3791 821 3863 semianimemque
853 3786 990 3845 sinu
1018 3805 1375 3864 germanam
1406 3787 1688 3863 amplexa
1718 3788 1971 3846 fovebat
