2796 4287
452 271 577 349 146
1259 266 1393 330 The
1438 267 1713 332 AEneid.
2254 276 2448 344 [Boox
2474 279 2544 329 V.
2628 330 2633 334 ,

441 461 695 538 depulit,
730 469 791 521 et
820 459 992 519 caelo
1021 459 1274 519 tandem
1304 457 1630 518 miseratus
1662 459 1740 518 ab
1771 459 1899 518 alto
1928 466 2041 518 est.

443 559 735 636 Consiliis
764 578 929 637 pare,
962 578 1120 636 quae
1150 577 1317 617 nunc
1346 556 1757 635 pulcherrima
1789 560 2029 617 Nautes

440 660 549 720 dat
578 659 821 732 senior;
870 659 1063 718 lectos
1094 658 1366 732 iuvenes,
1398 657 1739 718 fortissima
1768 657 1971 730 corda,

440 760 613 820 defer
641 760 705 818 in
737 758 983 818 Italiam
1013 783 1026 832 ;
1070 777 1224 836 gens
1255 759 1410 819 dura
1440 770 1627 835 atque
1658 776 1877 835 aspera
1907 758 2076 817 cultu
2435 789 2540 842 730

440 860 811 921 debellanda
842 858 954 918 tibi
987 858 1167 917 Latio
1197 868 1308 919 est.
1401 858 1565 917 Ditis
1595 867 1804 917 tamen
1835 866 1979 916 ante

439 960 714 1019 infernas
746 959 972 1019 accede
1005 958 1243 1031 domos»,
1277 967 1340 1017 et
1371 960 1622 1018 Averna
1650 977 1760 1035 per
1790 958 1916 1016 alta

440 1079 808 1137 congressus
838 1068 998 1136 pete,
1031 1068 1193 1131 nate,
1227 1077 1418 1117 meos,
1509 1060 1654 1117 Non
1684 1076 1781 1116 me
1811 1057 1999 1135 impia
2029 1077 2296 1135 namque

440 1160 698 1218 Tartara
726 1159 976 1231 habent,
1007 1158 1219 1218 tristes
1249 1159 1521 1231 umbrae,
1556 1158 1668 1218 sed
1700 1176 1960 1217 amoena
1988 1157 2226 1235 piorum

440 1258 701 1318 concilia
732 1258 1129 1336 Elysiumque
1160 1257 1316 1317 colo,
1409 1260 1555 1317 Huc
1585 1267 1758 1317 casta
1790 1256 2022 1335 Sibylla
2431 1288 2497 1341 73
2505 1289 2533 1342 5

439 1359 746 1435 nigrarum
776 1358 967 1417 multo
995 1358 1304 1435 pecudum
1334 1367 1396 1417 te
1429 1357 1728 1435 sanguine
1758 1357 1944 1417 ducet
1968 1380 1981 1417 :

439 1469 567 1518 tum
595 1477 792 1536 genus
824 1476 1006 1517 omne
1035 1467 1224 1531 tuum,
1259 1468 1321 1517 et
1352 1477 1512 1534 quae
1543 1458 1765 1517 dentur
1795 1457 2055 1529 moenia,
2089 1457 2315 1518 disces,

440 1562 696 1635 Iamque
727 1559 863 1618 vale
890 1581 902 1617 :
949 1568 1195 1634 torquet
1225 1558 1462 1618 medios
1501 1560 1643 1617 Nox
1670 1556 1924 1616 humida
1954 1576 2187 1630 cursuS,

438 1669 499 1719 et
529 1678 625 1718 me
655 1675 877 1718 saevus
908 1657 1084 1735 equis
1116 1658 1341 1717 Oriens
1371 1657 1626 1718 adflavit
1654 1657 1932 1716 anhelis)

440 1759 714 1832 Dixerat,
747 1768 810 1818 et
839 1757 1041 1817 tenuis
1071 1758 1248 1836 fugit,
1281 1778 1397 1818 ceu
1427 1759 1651 1830 fumus,
1685 1758 1749 1816 in
1780 1777 1977 1817 auras„
2430 1789 2532 1837 740

439 1861 703 1932 AeneaS,
736 1857 751 1881 ³
772 1859 914 1932 Quo
944 1857 1171 1918 deinde
1203 1858 1346 1931 ruiS,
1379 1878 1505 1935 quo
1534 1857 1840 1936 proripis?
1864 1859 1877 1883 '
1911 1858 2124 1935 inquit,

437 1956 451 1980 ‘
473 1959 675 2033 Quem
702 1959 883 2036 fugiS,
917 1969 1023 2018 aut
1053 1958 1191 2036 quis
1221 1968 1282 2017 te
1314 1957 1541 2018 nostris
1572 1957 1994 2035 complexibus
2025 1960 2233 2018 arcet?
2255 1959 2271 1985 '

439 2061 618 2118 Haec
646 2077 995 2119 memorans
1025 2058 1294 2126 cinerem
1324 2068 1388 2119 et
1418 2058 1656 2136 sopitos
1687 2058 1947 2118 suscitat
1976 2058 2168 2136 ig'neS‚

437 2162 961 2237 Pergameumque
993 2162 1214 2218 Larem
1243 2169 1307 2220 et
1335 2179 1528 2219 canae
1558 2159 1900 2237 penetralia
1928 2161 2161 2218 Vestae

433 2260 594 2317 farre
625 2258 730 2336 pio
760 2269 822 2318 et
850 2259 1035 2336 plena
1066 2259 1327 2337 supplex
1353 2268 1679 2319 veneratur
1707 2277 1934 2318 acerra.
2297 2288 2305 2296 ·
2430 2290 2527 2344 745

942 2442 1044 2483 The
1071 2441 1246 2482 Feeble
1273 2441 1388 2482 Left
1415 2441 1621 2482 Behind.

520 2561 839 2638 Extemplo
871 2559 1074 2619 socios
1104 2559 1492 2637 primumque
1521 2560 1780 2620 arcessit
1808 2564 2104 2634 Acesten,

433 2670 496 2719 et
527 2660 694 2719 Iovis
725 2660 1044 2737 imperium
1075 2669 1138 2719 et
1168 2660 1293 2719 cari
1322 2669 1658 2738 praecepta
1685 2660 1960 2738 parentis

432 2760 670 2833 edocet,
703 2769 765 2819 et
796 2779 955 2838 quae
986 2778 1151 2818 nunc
1181 2759 1387 2819 animo
1418 2760 1727 2820 sententia
1757 2770 2018 2821 constet.

436 2858 628 2918 Haud
658 2878 830 2918 mora
857 2859 1150 2932 consiliiS,
1183 2879 1300 2919 nec
1330 2859 1501 2920 iussa
1530 2869 1777 2921 recusat
1805 2862 2083 2920 Acestes,

431 2959 877 3019 Transcribunt
906 2959 1042 3019 urbi
1071 2969 1320 3033 matres,
1352 2960 1775 3038 populumque
1803 2960 2113 3020 volentem
2427 2991 2524 3045 750

431 3060 768 3136 deponunt,
802 3059 1040 3119 animos
1071 3059 1158 3118 nil
1187 3079 1450 3138 magnae
1480 3059 1681 3120 laudis
1711 3069 1981 3138 egentes

431 3159 563 3235 Ipsi
592 3169 860 3219 transtra
889 3170 1136 3233 novant,
1170 3160 1559 3238 flammisque
1589 3162 1844 3221 ambesa
1871 3169 2181 3238 reponunt

429 3259 651 3319 robora
680 3259 960 3338 navigiis,
994 3270 1211 3338 aptant
1239 3279 1566 3339 remosque
1595 3261 2031 3336 rudentesque‚

429 3358 632 3437 exigui
662 3379 934 3434 numere,
967 3361 1080 3420 sed
1108 3361 1275 3421 bello
1305 3360 1513 3421 vivida
1541 3361 1752 3421 virtus,

430 3459 677 3519 Interea
707 3464 956 3521 Aeneas
987 3461 1199 3520 urbem
1230 3460 1518 3538 designat
1552 3472 1755 3522 aratro
1875 3509 1886 3520 .
2424 3491 2452 3540 7
2461 3489 2520 3543 55

428 3559 803 3636 sortiturque
834 3560 1052 3620 domos
1079 3583 1093 3632 3
1141 3560 1261 3620 hoc
1293 3560 1478 3620 Ilium
1507 3570 1571 3621 et
1599 3562 1755 3620 haec
1784 3562 1921 3621 loca
1950 3559 2199 3621 Troiam

427 3677 565 3717 esse
598 3658 785 3719 iubet.
874 3660 1121 3720 Gaudet
1151 3679 1341 3736 regno
1372 3660 1683 3721 Troianus
1714 3663 1994 3734 AcesteS,

426 3756 767 3834 indicitque
795 3758 997 3818 forum
1027 3768 1090 3818 et
1119 3759 1402 3837 patribus
1433 3759 1542 3819 dat
1571 3759 1705 3819 iura
1733 3759 1987 3819 vocatis.
