2796 4287
393 328 478 399 72
1206 312 1342 377 The
1386 312 1669 377 AEneid.
2159 319 2349 388 [Boox
2374 318 2487 371 111.

393 508 585 584 Surge
616 524 746 584 age,
778 514 841 565 et
869 506 1025 564 haec
1052 506 1251 564 laetus
1280 503 1583 581 longaevo
1612 502 1778 562 dicta
1805 503 2043 579 parenti

387 606 554 665 haud
584 605 922 665 dubitanda
950 604 1146 663 refer:
1193 603 1529 682 Corythum
1558 611 1872 680 terrasque
1904 601 2170 679 requirat
2242 681 2249 688 ι
2389 614 2485 664 170

389 705 732 778 Ausonias;
780 704 1041 764 Dictaea
1070 713 1255 780 negat
1282 703 1395 763 tibi
1429 703 1705 781 Iuppiter
1736 703 1919 763 arva.'

885 885 989 926 The
1015 885 1261 937 Warning
1286 886 1330 927 i·
1357 885 1573 935 Obeyed.

469 1004 729 1074 Talibus
760 1003 1052 1064 attonitus
1083 1002 1233 1062 visis
1261 1012 1324 1063 et
1351 1022 1501 1063 voce
1533 1004 1789 1063 deorum
1809 1040 1894 1049 —

387 1124 503 1164 nec
531 1123 715 1181 sopor
743 1104 896 1163 illud
925 1112 1072 1175 erat,
1107 1103 1218 1162 sed
1248 1122 1454 1162 coram
1485 1105 1861 1181 adgnoscere
1891 1104 2093 1164 voltus

387 1204 743 1281 velatasque
773 1222 980 1263 comas
1011 1202 1485 1280 praesentiaque
1516 1222 1624 1262 ora
1651 1203 1938 1276 videbar;

385 1313 516 1363 tum
543 1303 786 1381 gelidus
815 1311 949 1362 toto
979 1304 1273 1363 manabat
1302 1322 1558 1381 corpore
1589 1304 1778 1363 sudor
1797 1338 1883 1347 —-
2389 1317 2482 1370 175

386 1403 649 1481 corripio
679 1422 713 1463 e
744 1402 953 1463 stratis
983 1421 1226 1479 corpuS,
1263 1404 1578 1481 tendoque
1610 1404 1866 1480 supinas

388 1504 467 1563 ad
496 1504 735 1563 caelum
766 1522 905 1562 cum
935 1521 1086 1562 voce
1117 1521 1355 1576 manus,
1382 1514 1451 1562 et
1481 1522 1736 1562 munera
1765 1503 1891 1563 libo

387 1603 751 1663 intemerata
777 1603 955 1663 focis,
1046 1603 1331 1663 Perfecto
1362 1603 1562 1663 laetus
1591 1604 1826 1663 honore

388 1704 705 1762 Anchisen
733 1687 898 1762 facio
928 1712 1182 1775 certum,
1218 1722 1471 1780 remque
1502 1703 1718 1763 ordine
1748 1704 1975 1780 pando,

387 1805 700 1882 Adgnovit
728 1806 961 1882 prolem
995 1804 1345 1882 ambiguam
1374 1803 1779 1881 geminosque
1810 1814 2118 1880 parentes»,
2388 1804 2482 1855 180

388 1924 577 1982 seque
609 1924 769 1965 novo
796 1914 1072 1965 veterum
1105 1906 1431 1980 deceptum
1463 1922 1665 1963 errore
1697 1904 1989 1963 locorum.

387 2006 547 2063 Tum
576 2014 905 2065 memorat:
952 2003 1043 2064 ‘N
1047 2014 1164 2078 ate,
1199 2003 1409 2064 Iliacis
1440 1988 1704 2062 exercite
1733 2004 1895 2076 fatis,

386 2104 520 2164 sola
548 2104 696 2164 mihi
724 2105 867 2165 talis
898 2124 1080 2165 casus
1112 2104 1467 2165 Cassandra
1497 2103 1776 2164 canebat.

387 2206 446 2263 N
452 2224 573 2264 unc
603 2215 814 2282 repeto
843 2206 998 2265 haec
1027 2205 1240 2283 generi
1270 2205 1638 2282 portendere
1668 2204 1880 2264 debita
1910 2214 2141 2279 nostrO,

385 2314 447 2364 et
474 2324 662 2382 saepe
698 2305 1087 2382 Hesperiam,
1121 2324 1309 2382 saepe
1341 2305 1500 2364 Itala
1529 2324 1720 2382 regna
1750 2324 1986 2365 vocare.
2385 2306 2477 2372 185

388 2406 511 2464 Sed
543 2404 680 2482 quis
712 2407 791 2465 ad
824 2405 1168 2482 Hesperiae
1199 2415 1494 2464 venturos
1524 2405 1701 2464 litora
1729 2406 2001 2465 Teucros

383 2506 678 2579 crederet,
711 2515 817 2565 aut
847 2525 1029 2584 quem
1059 2515 1189 2566 tum
1219 2515 1394 2565 vates
1427 2506 1782 2565 Cassandra
1811 2507 2117 2566 moveret?

384 2605 694 2664 Cedamus
727 2606 997 2680 Phoebo,
1030 2615 1093 2665 et
1122 2605 1337 2666 moniti
1367 2605 1621 2665 meliora
1647 2606 2017 2682 sequamur!

385 2704 485 2764 Sic
515 2704 618 2778 ait,
651 2714 714 2765 et
742 2705 953 2765 cuncti
982 2706 1148 2766 dicto
1178 2724 1467 2783 paremus
1497 2714 1773 2764 ovantes.

383 2806 569 2863 Hanc
600 2824 845 2882 quoque
878 2806 1220 2865 deserimus
1250 2806 1482 2876 sedem,
1518 2804 1856 2880 paucisque
1886 2805 2117 2866 relictis
2383 2821 2478 2871 190

379 2903 517 2962 vela
545 2904 781 2978 damuS,
815 2915 1179 2983 vastumque
1210 2923 1364 2963 cava
1393 2904 1569 2963 trabe
1600 2904 1897 2964 currimus
1927 2924 2173 2982 aequor.

1025 3085 1129 3127 The
1156 3086 1352 3136 stormy
1378 3085 1599 3137 voyage.

462 3205 798 3282 Postquam
829 3205 1018 3263 altum
1047 3214 1301 3264 tenuere
1332 3212 1514 3278 rateS,
1550 3223 1665 3264 nec
1697 3204 1819 3263 iam
1851 3205 2113 3281 amplius
2144 3207 2304 3268 ullae

377 3304 678 3380 adparent
706 3313 922 3378 terrae,
956 3305 1193 3364 caelum
1227 3304 1500 3382 undique
1530 3313 1593 3364 et
1623 3305 1895 3383 undique
1926 3315 2169 3382 pontuS,

375 3412 506 3461 tum
535 3402 684 3462 mihi
714 3405 1035 3465 caeruleus
1066 3424 1252 3483 supra
1282 3415 1470 3483 caput
1501 3404 1734 3465 adstitit
1763 3405 1975 3479 imber,

376 3512 621 3563 noctem
649 3503 1039 3584 hiememque
1068 3505 1292 3580 serem,
1325 3515 1388 3566 et
1418 3504 1717 3566 inhorruit
1746 3505 1914 3564 unda
1942 3505 2234 3568 tenebris,
2375 3521 2469 3575 195

377 3603 688 3666 Continuo
717 3605 886 3666 venti
915 3606 1169 3668 volvunt
1197 3625 1382 3680 mare,
1416 3624 1762 3683 magnaque
1792 3614 2050 3682 surgunt

375 3722 641 3781 aequora
667 3728 681 3778 3
725 3705 989 3784 dispersi
1019 3706 1316 3766 iactamur
1342 3705 1580 3783 gurgite
1611 3714 1787 3766 vasto
1812 3728 1826 3778 3

372 3802 682 3865 involvere
713 3806 877 3867 diem
908 3806 1117 3882 nimbi,
1151 3817 1214 3867 et
1243 3826 1365 3865 nox
1395 3805 1604 3864 umida
1633 3805 1870 3864 caelum
